5150 6684
605 754 644 815 18
884 750 1103 814 OHARTERS
1132 749 1184 812 OF
1213 749 1300 812 THE
1330 749 1465 814 ABBEY
1495 750 1547 814 OF
1576 750 1861 816 caesuratim

602 948 780 1012 nastoune
799 963 862 1012 sex
880 937 1004 1011 decem
1021 947 1197 1010 mercatos
1214 946 1392 1010 terrarum
1410 937 1455 1011 (16
1473 937 1598 1012 1166111
1613 940 1789 1037 Deneyne
1803 949 1959 1038 quatuor
1974 951 2150 1014 mercatos

603 1073 781 1137 terrarum
815 1065 957 1162 antiqui
992 1074 1164 1137 extentus
1199 1062 1244 1137 de
1286 1063 1621 1162 Makkynnistoune
1655 1090 1719 1138 sex
1761 1074 1939 1139 mercatae
1971 1076 2152 1140 terrarum

603 1191 746 1288 antiqui
781 1200 953 1264 extentus
988 1190 1033 1264 de
1068 1189 1358 1263 chbtinachtis
1393 1199 1431 1263 et
1467 1190 1750 1265 Maxvclstoune
1785 1200 2042 1289 occupatarum
2084 1217 2151 1289 1161

605 1317 789 1414 quondam
823 1316 1019 1414 Hugouem
1054 1315 1256 1412 Kennedye
1286 1314 1333 1388 de
1362 1315 1538 1413 Deneyne
1568 1316 1818 1390 molendinum
1848 1316 1894 1390 de
1925 1315 2152 1415 Oorsraguell

604 1443 710 1516 terris
740 1442 1010 1515 molendinariis
1046 1451 1083 1514 et
1117 1441 1274 1514 astrictis
1307 1440 1478 1514 multaris
1512 1441 1610 1515 dicto
1643 1442 1853 1517 molendino
1885 1442 2153 1540 pertinentibus

605 1568 844 1641 extendentes
868 1568 908 1640 in
925 1568 1068 1665 integro
1086 1566 1133 1640 ad
1158 1567 1348 1666 sexaginta
1365 1577 1540 1640 mercatas
1561 1593 1625 1642 sex
1641 1567 1815 1642 solidatas
1832 1578 1870 1641 61
1888 1578 1970 1641 6616
1987 1567 2153 1642 (1666116-

604 1704 661 1768 166
695 1704 869 1768 terrarum
906 1693 1049 1791 antiqui
1083 1702 1254 1766 extentus
1292 1717 1375 1765 cum
1417 1693 1594 1767 molendis
1634 1695 1844 1792 prescriptis
1887 1720 1928 1768 ac
1961 1694 2042 1766 aliis
2076 1695 2152 1768 suis

604 1819 835 1916 pertinentiis
861 1820 1018 1893 iacentes
1043 1819 1083 1891 in
1107 1818 1298 1917 regalitate
1321 1819 1367 1891 de
1393 1817 1619 1918 Corsraguell
1645 1820 1819 1894 comitatu
1846 1832 1884 1893 et
1909 1819 2089 1895 1161116616
2106 1820 2151 1894 de

605 1944 733 2018 Carrik
749 1944 843 2018 infra
860 1945 1155 2042 vicecomitatum
1182 1944 1227 2018 de
1253 1943 1340 2017 Aire
1386 1945 1436 2017 Et
1461 1945 1529 2018 hoc
1555 1971 1620 2043 pro
1646 1947 1755 2020 661116
1779 1946 2013 2020 benemeritis
2038 1947 2151 2046 grati-

605 2071 794 2144 tudinibus
819 2071 930 2143 michi
952 2097 1017 2168 per
1042 2070 1226 2168 prefatum
1276 2129 1283 2143 .
1339 2128 1347 2144 .
1402 2129 1410 2146 .
1464 2071 1639 2169 impensis
1656 2081 1695 2145 et
1719 2072 1884 2169 prestitis
1910 2071 2098 2146 Tenendas
2115 2083 2153 2147 et

605 2195 789 2270 habendas
807 2206 902 2270 totas
921 2207 958 2270 et
984 2198 1143 2296 integras
1169 2197 1440 2294 prenominatos
1457 2206 1572 2270 terras
1595 2222 1678 2270 cum
1704 2197 1922 2271 molendinis
1940 2197 1985 2272 de
2011 2197 2153 2271 Drwm-

605 2323 778 2422 garloych
796 2332 833 2396 et
851 2322 1077 2422 Corsraguell
1102 2323 1210 2396 terris
1232 2321 1503 2395 molendinariis
1521 2332 1559 2396 et
1583 2323 1742 2396 astrictis
1768 2323 1938 2396 multuris
1956 2323 2153 2397 earundem

606 2474 690 2521 cum
707 2448 914 2522 carbonario
932 2448 977 2521 de
1003 2448 1185 2522 Zallowlie
1204 2447 1442 2522 extendentes
1467 2448 1648 2522 addictas
1673 2450 1863 2549 sexaginta
1887 2458 2063 2522 mercatae
2088 2475 2152 2524 sex

606 2574 779 2648 solidatas
804 2584 843 2648 61
868 2584 949 2648 6616
975 2573 1180 2648 denariatas
1206 2585 1384 2648 1611611116
1410 2575 1554 2672 antiqui
1588 2584 1760 2649 extentus
1793 2575 1951 2649 iacentes
1975 2585 2019 2648 vt
2044 2601 2154 2673 supra

606 2699 706 2773 dicto
757 2759 765 2774 .
820 2760 827 2774 .
887 2759 895 2774 .
950 2699 1143 2773 heredibus
1178 2700 1252 2773 suis
1287 2710 1326 2773 et
1359 2699 1554 2798 assignatis
1588 2699 1634 2773 de
1667 2726 1726 2773 me
1758 2700 1951 2774 heredibus
1985 2702 2076 2774 meis
2116 2712 2154 2775 et

607 2827 798 2923 assignatis
818 2827 1087 2924 imperpetuum
1138 2825 1208 2898 Per
1233 2851 1358 2898 omnes
1382 2836 1499 2900 rectas
1524 2838 1640 2899 metas
1665 2852 1748 2899 suas
1773 2827 1941 2925 antiquas
1961 2836 1999 2900 et
2015 2827 2153 2901 diuisas

605 2963 716 3049 prout
736 2953 855 3024 iacent
881 2953 921 3024 16
944 2951 1174 3050 longitudine
1200 2962 1237 3025 et
1263 2951 1459 3026 latitudine
1483 2952 1523 3024 16
1540 2951 1707 3025 domibus
1725 2949 1875 3025 edificiis
1892 2951 2009 3026 boscis
2033 2952 2152 3050 planis

606 3077 712 3151 toftis
729 3077 854 3150 croftis
871 3078 980 3150 moris
997 3077 1176 3151 merresiis
1194 3077 1298 3175 aquis
1314 3077 1385 3152 viis
1402 3077 1543 3151 semitis
1563 3078 1703 3177 stagnis
1720 3077 1845 3151 riuolis
1862 3077 2013 3151 lacubus
2038 3080 2153 3176 pratis

606 3205 749 3301 pascuis
782 3202 942 3300 pasturis
976 3203 1194 3277 molendinis
1228 3202 1399 3277 multuris
1433 3213 1471 3276 et
1501 3229 1626 3277 eorum
1660 3203 1815 3302 sequelis
1849 3203 2153 3301 aucupationibus

606 3329 863 3403 venationibus
880 3329 1141 3426 piscationibus
1158 3329 1307 3426 petariis
1323 3328 1494 3402 turbariis
1511 3329 1726 3403 carbonibus
1744 3328 1961 3402 carbonariis
1978 3329 2154 3403 columbis

605 3454 835 3528 columbariis
865 3455 1040 3528 cuniculis
1070 3455 1302 3529 cuniculariis
1325 3454 1517 3529 fabrilibus
1542 3454 1695 3529 brasinis
1725 3455 1900 3529 breueriis
1930 3465 1968 3529 et
2001 3456 2154 3555 genistis

607 3580 709 3655 siluis
727 3581 933 3654 nemoribus
951 3592 989 3654 et
1006 3580 1175 3679 virgultis
1192 3580 1303 3679 lignis
1319 3582 1433 3680 tignis
1450 3581 1628 3679 lapicidiis
1644 3580 1766 3678 lapide
1779 3592 1817 3654 et
1835 3581 1930 3654 ealce
1944 3607 2027 3655 eum
2044 3582 2153 3655 curiis

608 3717 645 3780 61
679 3732 803 3779 661616
838 3705 995 3779 exitibus
1031 3706 1234 3780 harizeildis
1268 3706 1491 3781 bludeuettis
1526 3719 1564 3782 et
1605 3707 1798 3780 merchetis
1840 3707 2034 3780 mulierum
2068 3733 2152 3781 cum

608 3833 791 3906 communi
815 3843 964 3929 pastura
988 3831 1101 3905 libero
1126 3832 1282 3905 introitu
1300 3842 1337 3905 et
1364 3833 1465 3906 exitu
1482 3833 1537 3906 Ac
1555 3859 1637 3906 eum
1655 3832 1822 3906 omnibus
1848 3833 1927 3905 aliis
1945 3842 1983 3905 et
1999 3832 2153 3932 singulis

606 3957 837 4032 libertatibus
855 3957 1172 4031 commoditatibus
1197 3957 1367 4056 proficuis
1391 3958 1598 4032 esiameutis
1622 3983 1663 4031 66
1689 3958 1796 4031 1116116
1821 3959 1896 4031 61116
1920 3958 2153 4055 pertinentiis

608 4082 883 4180 quibuscunque
916 4092 993 4156 tam
1023 4109 1098 4156 non
1128 4084 1323 4157 nominatis
1353 4109 1464 4181 qnam
1492 4084 1690 4157 nominatis
1720 4093 1798 4156 tam
1828 4082 1896 4157 sub
1921 4094 2016 4157 16116
2041 4111 2152 4182 (16616

608 4234 717 4306 supra
734 4218 868 4281 terram
885 4208 1010 4306 procul
1029 4220 1067 4282 et
1091 4235 1203 4306 prope
1221 4208 1268 4283 ad
1293 4208 1452 4307 prefatas
1469 4220 1583 4283 terras
1601 4234 1683 4282 cum
1702 4209 1897 4282 earundem
1921 4209 2152 4306 pertinentiis

607 4347 645 4409 et
679 4333 726 4408 ad
760 4334 858 4407 dicta
891 4334 1100 4407 molendina
1133 4360 1216 4408 cum
1249 4335 1458 4408 carbonario
1500 4334 1750 4432 spectantibus
1783 4360 1847 4408 seu
1882 4335 2154 4433 quomodolibet

608 4471 768 4557 spectare
786 4459 992 4533 valentibus
1009 4461 1048 4532 in
1066 4459 1231 4534 futurum
1248 4460 1359 4534 bbere
1377 4461 1498 4558 quiete
1515 4461 1674 4559 plenarie
1691 4461 1831 4560 integre
1848 4460 2043 4534 honorifice
2060 4461 2152 4536 bene

608 4597 645 4659 et
663 4587 703 4658 16
719 4611 806 4683 pace
825 4586 901 4660 61116
919 4586 1040 4683 aliquo
1059 4586 1299 4660 retinemento
1317 4587 1545 4660 reuocatioue
1558 4597 1623 4659 aut
1638 4586 1923 4659 contradictione
1937 4612 2152 4685 quacunque

608 4710 807 4784 Reddendo
833 4711 918 4785 iude
944 4711 1134 4785 annuatim
1160 4711 1278 4785 dictus
1330 4770 1338 4786 .
1393 4771 1401 4786 .
1456 4771 1463 4787 .
1518 4712 1667 4785 heredes
1694 4713 1751 4784 sui
1776 4722 1814 4786 et
1840 4713 2015 4809 assignati
2041 4711 2153 4785 michi

607 4836 800 4910 heredibus
834 4838 924 4909 meis
955 4847 993 4910 et
1020 4837 1211 4936 assignatis
1238 4837 1330 4910 duos
1357 4837 1523 4910 denarios
1550 4838 1687 4910 vsualis
1721 4846 1865 4910 monete
1892 4838 1996 4935 regni
2031 4837 2152 4912 Scotie

608 4988 716 5059 super
741 4963 817 5035 solo
843 4961 1067 5059 prefatarum
1094 4974 1271 5036 terrarum
1302 4962 1348 5036 de
1378 4963 1676 5062 Drwmgarloych
1707 4963 1747 5034 in
1776 4962 1870 5036 festo
1894 4962 2153 5037 Pentbecostes

606 5089 753 5162 nomine
779 5088 860 5161 albe
884 5089 987 5162 firme
1013 5089 1044 5162 si
1076 5099 1225 5186 petatur
1249 5099 1397 5162 tantum
1421 5115 1487 5186 pro
1514 5090 1614 5162 omni
1639 5089 1709 5161 alio
1736 5113 1843 5162 onere
1868 5087 1980 5161 micbi
2005 5087 2154 5163 debenti

607 5238 748 5286 necnon
774 5213 897 5287 abbati
922 5241 984 5288 seu
1011 5212 1315 5287 commendatario
1334 5213 1379 5288 de
1404 5213 1630 5313 Corsraguell
1656 5224 1693 5287 61
1713 5214 1909 5287 666666161
1935 5213 2097 5287 eiusdem
2115 5227 2153 5289 et

608 5363 732 5412 eorum
760 5339 1022 5412 successoribus
1048 5338 1169 5412 firmas
1195 5339 1357 5436 proficua
1383 5350 1421 5412 et
1449 5339 1614 5413 deuorias
1643 5341 1683 5413 iu
1710 5364 1792 5412 mea
1821 5349 1920 5412 carta
1948 5338 2153 5416 feudifirme

608 5474 798 5538 contentas
832 5464 892 5538 vel
929 5466 1088 5561 pretium
1123 5462 1318 5538 earundem
1360 5464 1496 5539 ibidem
1537 5464 1760 5563 specificatae
1800 5464 1846 5538 ad
1889 5465 2081 5540 arbitrium
2115 5479 2154 5542 et
