5150 6684
604 757 644 815 38
884 755 1103 818 OHARTERS
1135 754 1186 818 OF
1218 757 1304 818 THE
1333 757 1473 820 ABBEY
1503 757 1555 820 OF
1586 756 1870 820 OROSRAGUEL

603 964 686 1013 cum
713 940 854 1015 duabus
880 941 1049 1016 duodinis
1080 953 1117 1016 et
1143 943 1285 1017 duobus
1312 945 1509 1043 caponibus
1560 945 1614 1018 Ac
1644 970 1710 1042 pro
1736 943 1846 1017 dictis
1871 953 1954 1018 octo
1980 944 2152 1018 marcatis

603 1076 780 1139 terrarum
799 1067 843 1140 de
863 1067 1056 1141 Balchristi
1074 1069 1341 1167 quinquaginta
1357 1097 1421 1144 sex
1437 1071 1553 1145 bollas
1570 1071 1686 1144 farine
1704 1071 1891 1144 avenatios
1908 1070 2043 1169 viginti
2061 1069 2152 1143 duas

604 1189 718 1265 bollas
736 1192 828 1266 ordii
846 1203 883 1266 et
899 1220 965 1291 pro
984 1193 1090 1266 dictis
1109 1195 1215 1267 terris
1233 1194 1278 1267 dc
1296 1195 1344 1268 lie
1361 1197 1482 1269 Manis
1508 1196 1553 1270 de
1579 1195 1807 1295 Orosraguell
1833 1221 1917 1268 cum
1942 1194 2150 1269 molendino

604 1317 649 1391 de
669 1317 894 1419 Crosraguell
912 1320 1016 1392 terris
1041 1319 1314 1393 molendinariis
1339 1323 1498 1395 astrictis
1523 1322 1696 1396 multuris
1722 1320 1837 1418 syluis
1862 1321 1977 1418 pratis
2002 1321 2153 1394 vinariis

604 1469 645 1516 ac
659 1444 738 1518 aliis
752 1447 826 1518 suis
840 1446 1069 1542 pertinentiis
1086 1447 1295 1543 prescriptis
1314 1447 1580 1546 quinquaginta
1597 1446 1687 1521 duas
1704 1446 1820 1520 bollas
1836 1445 1952 1519 farine
1964 1447 2152 1519 avenatice

605 1581 643 1642 et
672 1571 806 1670 viginti
837 1571 941 1644 bollis
972 1572 1064 1644 ordii
1096 1583 1133 1645 et
1160 1570 1352 1645 duodecim
1382 1598 1536 1670 capones
1587 1573 1641 1645 Ae
1666 1598 1733 1670 pro
1759 1570 1867 1645 dict-is
1894 1597 1957 1645 sex
1982 1572 2153 1645 marcatis

604 1705 783 1768 terrarum
801 1695 846 1769 de
864 1697 977 1769 Eistir
994 1697 1180 1794 Dunheyn
1197 1697 1332 1796 viginti
1349 1697 1439 1772 duas
1459 1698 1576 1772 bollas
1592 1697 1709 1771 farine
1727 1697 1918 1771 duodecim
1930 1696 2046 1770 bollas
2060 1697 2153 1770 ordii

605 1847 646 1894 ac
680 1822 770 1895 duas
804 1821 918 1896 bollas
953 1822 1127 1896 frumenti
1162 1833 1199 1895 et
1234 1822 1427 1896 duodecim
1461 1849 1615 1922 capones
1667 1823 1720 1896 Ac
1755 1849 1821 1921 pro
1855 1823 1964 1897 dictis
1997 1832 2154 1920 quatuor

604 1949 773 2021 marcatis
806 1958 985 2021 terrarum
1019 1947 1064 2020 de
1095 1948 1348 2021 Mochremhill
1378 1950 1565 2048 octaginta
1594 1949 1710 2022 bollas
1744 1974 1942 2022 avenarum
1966 1947 2078 2048 vulgo
2103 1948 2151 2021 lie

605 2073 811 2146 hors-corne
828 2075 926 2147 inter
943 2074 1079 2147 festum
1096 2074 1315 2146 Natiuitatis
1333 2074 1483 2148 Domini
1500 2085 1538 2148 et
1555 2074 1820 2172 purificationis
1838 2073 2029 2148 annuatim
2046 2073 2152 2148 beate

605 2200 720 2273 Maris
737 2201 890 2298 virginis
907 2200 965 2272 vel
983 2225 1048 2297 pro
1067 2199 1229 2299 qualibet
1254 2201 1351 2274 bolla
1376 2199 1491 2273 farine
1517 2226 1698 2273 summam
1716 2226 1780 2272 sex
1798 2199 1996 2273 solidorum
2013 2209 2052 2272 et
2069 2210 2152 2272 octo

605 2324 834 2398 denariorum
860 2337 1004 2399 monete
1022 2337 1058 2398 et
1076 2351 1141 2422 pro
1167 2326 1330 2424 qualibet
1357 2326 1454 2399 bolla
1481 2325 1574 2398 ordii
1602 2335 1640 2399 et
1666 2325 1842 2398 frumenti
1871 2325 2028 2398 inuicem
2056 2350 2151 2399 com-

604 2452 745 2550 putatis
779 2477 959 2524 summam
989 2461 1069 2524 octo
1100 2451 1297 2524 solidorum
1326 2461 1471 2525 monete
1535 2453 1585 2525 Et
1612 2476 1677 2548 pro
1709 2450 1873 2549 qualibet
1903 2476 2040 2548 capone
2070 2461 2152 2525 octo

605 2577 772 2651 denarios
790 2576 836 2650 ad
854 2576 1083 2650 voluntatem
1107 2587 1144 2649 et
1163 2576 1354 2650 arbitrium
1379 2576 1512 2675 prefati
1537 2577 1694 2651 Gilberti
1711 2577 1854 2650 comitis
1871 2575 1917 2649 de
1936 2576 2097 2651 Oassillis
2115 2587 2153 2650 et

605 2729 753 2776 suorum
787 2701 961 2775 heredum
995 2703 1276 2799 prescriptorum
1339 2703 1394 2775 Ac
1428 2704 1539 2777 etiam
1572 2728 1639 2800 pro
1674 2702 1782 2776 dictis
1817 2727 1949 2775 novem
1982 2703 2153 2776 marcatis

605 2838 783 2900 terrarum
801 2827 846 2901 de
863 2827 1131 2900 Brounistoune
1149 2853 1281 2901 novem
1299 2827 1410 2902 libras
1432 2854 1473 2901 ac
1490 2853 1556 2926 pro
1575 2829 1682 2901 dictis
1704 2853 1768 2900 sex
1785 2827 1955 2900 marcatis
1972 2836 2152 2901 terrarum

607 2954 653 3028 de
683 2953 818 3026 Westir
846 2953 1034 3050 Dunheyn
1064 2978 1127 3025 sex
1154 2952 1264 3026 libras
1314 2953 1364 3026 Et
1394 2979 1460 3051 pro
1486 2953 1594 3027 dictis
1620 2980 1684 3027 sex
1708 2953 1880 3027 marcatis
1903 2963 2083 3027 terrarum
2108 2954 2153 3027 de

606 3079 875 3153 Auchtnachtis
901 3105 965 3152 sex
993 3079 1102 3152 libras
1164 3079 1213 3152 Et
1244 3105 1309 3176 pro
1337 3080 1488 3176 prefatis
1516 3090 1672 3179 quatuor
1698 3079 1868 3152 marcatis
1899 3088 2078 3152 terrarum
2108 3079 2154 3153 de

607 3204 821 3303 Balkennay
849 3215 1006 3304 quatuor
1032 3204 1142 3278 libras
1203 3203 1258 3302 Ac
1286 3205 1397 3277 etiam
1424 3230 1489 3302 pro
1517 3204 1667 3302 prefatis
1695 3205 1962 3302 quinquaginta
1989 3203 2153 3278 solidatis

605 3342 784 3404 terrarum
802 3330 847 3404 de
866 3329 1026 3429 Oragoch
1045 3356 1126 3403 cum
1146 3329 1354 3403 carbonario
1372 3331 1534 3404 eiusdem
1557 3331 1748 3404 duodecim
1773 3330 1883 3403 libras
1907 3342 2051 3404 monete
2104 3332 2153 3404 Et

607 3456 797 3553 prodicta
826 3467 986 3528 marcata
1015 3467 1109 3528 terre
1140 3456 1184 3528 de
1215 3455 1422 3529 Straitoune
1452 3467 1583 3530 vocata
1612 3456 1815 3529 Knokbrek
1844 3467 1919 3529 tres
1949 3456 2059 3530 libras
2089 3483 2153 3530 sex

607 3580 741 3654 solidos
759 3593 797 3654 et
815 3593 895 3654 octo
922 3581 1087 3654 denarios
1110 3607 1267 3654 vnacum
1294 3581 1486 3655 duodecim
1512 3581 1709 3679 caponibus
1760 3582 1809 3655 Et
1826 3608 1891 3679 pro
1910 3581 2018 3655 dietis
2036 3581 2153 3655 decim

607 3707 771 3780 solidatis
788 3717 965 3780 terrarum
984 3707 1028 3779 de
1046 3707 1398 3780 Maltmannistoune
1414 3718 1488 3780 tres
1513 3707 1624 3780 libras
1650 3718 1687 3780 et
1713 3719 1870 3805 quatuor
1895 3732 2048 3804 capones
2099 3708 2154 3781 Ac

607 3859 673 3932 pro
698 3834 848 3930 prefatis
878 3832 1120 3931 quadraginta
1150 3832 1314 3905 solidatis
1339 3845 1517 3906 terrarum
1548 3833 1592 3907 de
1623 3833 1941 3907 M‘Gownistoune
1975 3858 2154 3906 summam

608 3970 764 4058 quatuor
792 3958 966 4032 librarum
993 3970 1029 4031 et
1055 3967 1211 4055 quatuor
1237 3983 1389 4054 capones
1418 3958 1478 4031 vel
1508 3984 1574 4056 pro
1604 3958 1768 4056 quolibet
1798 3983 1933 4055 capone
1963 3958 2154 4032 duodecim

609 4085 774 4159 denarios
793 4085 839 4157 ad
858 4085 948 4156 duos
974 4085 1060 4156 anni
1087 4083 1261 4156 terminos
1279 4094 1468 4156 consuetos
1495 4083 1590 4156 festa
1606 4086 1675 4156 viz.
1696 4083 1955 4157 Penthecostes
1973 4094 2011 4156 et
2029 4083 2155 4158 Sancti

608 4211 761 4284 Martini
786 4211 826 4283 in
851 4209 969 4282 hieme
997 4234 1061 4306 per
1089 4209 1233 4306 equales
1260 4210 1444 4306 portiones
1495 4208 1549 4281 Ac
1576 4234 1642 4306 pro
1669 4209 1810 4306 prefata
1837 4210 1990 4306 piscaria
2018 4211 2089 4282 oris
2118 4222 2155 4282 et

607 4337 780 4408 introitus
807 4361 897 4433 aque
924 4335 969 4407 de
993 4334 1160 4407 Garvane
1187 4344 1261 4406 tros
1287 4333 1471 4408 duodenas
1499 4335 1703 4407 salmonum
1730 4335 1906 4407 salsorum
1934 4336 2029 4407 inter
2056 4334 2156 4408 dicta

608 4462 703 4535 festa
736 4460 941 4535 natiuitatis
976 4461 1126 4534 Domini
1157 4471 1193 4532 et
1223 4460 1484 4556 purificationis
1514 4459 1618 4532 beate
1648 4460 1763 4532 Maris
1797 4461 1949 4559 virginis
1978 4471 2155 4558 tanquam

608 4589 790 4686 integram
824 4587 966 4660 firmam
996 4611 1062 4683 pro
1094 4585 1201 4657 dictis
1231 4585 1336 4656 terris
1367 4611 1408 4658 ac
1438 4585 1633 4658 earundem
1667 4584 1816 4658 decimis
1846 4587 1940 4658 solui
1969 4586 2087 4660 solitis
2118 4596 2156 4659 et

608 4715 790 4787 consuetis
841 4712 934 4800 Quia
952 4711 1082 4784 decimi
1100 4735 1121 4782 a
1138 4709 1251 4782 firmis
1268 4735 1334 4782 nec
1351 4708 1454 4783 firme
1472 4737 1494 4783 a
1510 4710 1659 4783 decimis
1683 4736 1869 4808 nunquam
1895 4712 2157 4809 seperabantur

609 4841 729 4939 quoad
747 4851 860 4912 terras
878 4837 999 4910 firmas
1017 4835 1219 4908 antedictas
1238 4836 1418 4908 soluentes
1435 4846 1479 4908 vt
1496 4837 1712 4933 premissum
1731 4846 1786 4909 est
1803 4847 1977 4934 tanquam
1994 4837 2155 4935 integras

608 4967 731 5039 firmas
748 4991 812 5063 pro
831 4965 938 5038 dictis
956 4963 1061 5035 terris
1079 4987 1123 5033 ex
1142 4961 1292 5058 antiquo
1309 4961 1400 5034 solui
1419 4961 1536 5034 solitis
1555 4971 1591 5033 et
1610 4962 1791 5034 consuetis
1808 4962 1958 5035 Necnon
1975 4987 2156 5034 summam

609 5093 743 5190 viginti
777 5090 974 5164 solidorum
1007 5095 1153 5160 monete
1187 5086 1226 5158 in
1261 5087 1595 5185 augmentationem
1629 5088 1746 5159 nostri
1779 5087 1928 5160 rentalis
1962 5087 2156 5185 plusquam

610 5241 771 5315 vnquam
805 5215 901 5288 dicte
932 5225 1024 5288 terre
1060 5211 1165 5285 nobis
1194 5222 1258 5284 aut
1292 5212 1602 5310 predecessoribus
1636 5213 1771 5285 nostris
1805 5212 2058 5310 persoluerunt
2092 5222 2158 5286 aut

609 5343 788 5416 dederunt
806 5341 852 5414 ad
876 5340 966 5414 duos
983 5339 1069 5410 anni
1087 5337 1261 5410 terminos
1279 5349 1468 5412 consuetos
1485 5339 1589 5426 festa,
1608 5338 1675 5412 via.
1698 5338 1959 5411 Penthecostes
1977 5348 2015 5410 et
2033 5337 2159 5412 Sancti

610 5467 762 5542 Martini
785 5467 824 5539 in
849 5466 968 5538 hicme
994 5489 1059 5560 per
1084 5463 1230 5561 equales
1255 5465 1440 5560 portiones
1491 5464 1643 5538 Necnon
1668 5463 1818 5537 heredes
1844 5463 1976 5561 prefati
2002 5463 2160 5537 Gilberti
