5150 6684
654 801 873 866 OHARTERS
903 803 955 867 OF
984 803 1069 894 THE
1097 803 1235 865 ABBEY
1264 801 1318 864 OF
1347 802 1632 866 OROSRAGUEL
1874 805 1915 865 57

445 1133 526 1201 120.
560 1125 718 1202 01666166
734 1125 780 1224 of
794 1123 1061 1225 Coustmnatiou
1079 1123 1125 1222 by
1142 1122 1272 1198 Jonas
1298 1120 1360 1196 VI.
1380 1119 1426 1218 of
1434 1146 1460 1194 6
1481 1118 1641 1194 01166166
1658 1116 1705 1216 by
1720 1114 1839 1191 Allata

685 1263 804 1340 Abbot
821 1264 871 1364 of
883 1259 1426 1361 0666666661-[18111166611
1445 1254 1596 1358 1578.]¹

439 1490 598 1566 lacobus
628 1491 699 1566 Dei
728 1490 849 1591 gratia
878 1489 958 1562 Rex
989 1487 1181 1562 Scotorum
1208 1486 1377 1560 omnibus
1405 1482 1531 1583 probis
1559 1483 1771 1558 hominibus
1800 1483 1917 1559 totius

365 1627 459 1692 16666
476 1643 540 1692 666
557 1618 696 1693 clericis
724 1627 763 1692 et
788 1616 890 1691 laicis
915 1614 1071 1688 salutem
1098 1611 1229 1687 Sciatis
1256 1638 1325 1686 nos
1351 1610 1537 1711 quandam
1557 1620 1696 1685 cartam
1712 1609 1917 1685 feudifirme
2019 1658 2024 1668 -

365 1743 554 1818 locationis
573 1754 611 1818 et
627 1743 835 1818 donationis
852 1741 987 1815 factam
999 1765 1065 1837 per
1082 1737 1242 1812 Alanum
1259 1736 1609 1812 commendatoriam
1625 1736 1671 1843 de
1689 1735 1916 1835 Corsragucll

365 1879 403 1944 et
431 1869 593 1944 eiusdem
617 1869 687 1944 loci
715 1878 940 1944 conuentum
967 1865 1101 1940 dilecto
1127 1876 1252 1938 nostro
1270 1864 1408 1938 Dauidi
1432 1863 1624 1938 Kennedie
1641 1864 1687 1938 de
1704 1860 1915 1938 Balserroch

365 1995 560 2071 heredibus
583 1998 660 2071 suis
682 1995 962 2095 quibuscunque
990 1993 1031 2066 in
1057 1991 1155 2065 dieta
1180 1999 1280 2064 66616
1307 1989 1521 2088 specificatis
1538 1988 1585 2063 (16
1601 1990 1692 2064 16116
1709 1999 1747 2064 61
1763 1989 1916 2088 integris

365 2122 607 2222 quadraginta
636 2147 701 2196 sex
731 2121 897 2197 solidatis
928 2130 967 2194 et
998 2128 1079 2192 octo
1110 2116 1308 2192 (1666616116
1338 2126 1517 2190 terrarum
1546 2115 1592 2189 (16
1617 2114 1848 2190 Balsirraueh
1876 2124 1915 2188 et

366 2248 607 2324 Slabrachane
637 2259 675 2323 et
704 2249 840 2348 viginti
869 2245 1034 2321 solidatis
1060 2254 1239 2318 terrarum
1267 2242 1315 2317 (16
1342 2241 1538 2316 Litilltoun
1567 2242 1711 2340 antiqui
1740 2250 1914 2316 extentus

364 2399 447 2448 cum
464 2374 633 2449 omnibus
657 2375 732 2448 suis
756 2373 986 2472 pertinentiis
1011 2370 1213 2445 iacentibus
1237 2370 1278 2442 in
1303 2368 1474 2468 parochia
1493 2367 1540 2442 de
1557 2367 1802 2442 Kirkoiswald
1818 2367 1915 2442 infra

363 2501 593 2600 regalitatem
610 2501 655 2575 de
674 2499 900 2599 Oorsraguell
920 2496 1111 2571 balliatum
1129 2495 1182 2569 'de
1208 2495 1336 2570 Oarrik
1362 2504 1401 2569 61
1427 2495 1722 2569 vicecomitatum
1747 2503 1913 2567 nostrum

364 2625 409 2700 de
426 2625 493 2700 Air
510 2625 691 2701 Tenendis
705 2625 750 2700 de
767 2624 919 2723 prefatis
935 2620 1244 2698 commendatario
1262 2629 1301 2694 et
1318 2630 1501 2694 conuentu
1514 2629 1552 2694 et
1565 2645 1690 2694 eorum
1702 2620 1913 2693 successori-

363 2753 488 2827 busin
505 2751 711 2826 feudifirma
729 2761 766 2826 et
783 2750 988 2825 hereditate
1013 2748 1059 2823 de
1085 2746 1259 2820 mandato
1281 2755 1408 2820 nostro
1426 2746 1543 2820 visam
1558 2746 1692 2821 lectam
1709 2747 1911 2844 inspectam

363 2889 400 2952 et
417 2877 611 2978 diligenter
628 2878 873 2952 examinatam
901 2901 1027 2950 sanam
1053 2875 1234 2972 integram
1258 2898 1334 2947 non
1358 2897 1477 2946 rasam
1499 2898 1573 2947 non
1590 2873 1826 2946 cancellatam
1843 2898 1911 2946 nec

363 3004 485 3103 aliqua
501 3005 558 3077 sui
575 3014 679 3102 parte
697 3013 903 3101 suspectam
921 3001 967 3076 ad
984 3001 1133 3100 plenum
1150 2998 1373 3072 intellexisse
1393 2998 1462 3072 sub
1478 2998 1546 3073 hac
1562 2998 1679 3073 forma
1730 2998 1910 3073 Omnibus

362 3130 456 3204 hanc
479 3141 617 3204 cartam
639 3129 772 3204 visuris
793 3129 852 3202 vel
880 3127 1060 3201 audituris
1087 3125 1227 3202 Alanus
1253 3125 1490 3223 permissione
1517 3123 1644 3198 diuina
1671 3123 1910 3199 Commenda-

361 3256 475 3330 tarius
503 3252 647 3357 [etseq.
675 3267 869 3354 utsupra,
897 3254 965 3329 No.
996 3249 1069 3354 98]
1124 3251 1392 3350 Quamquidem
1419 3260 1558 3325 emtam
1583 3249 1787 3325 feudifiime
1815 3250 1910 3324 loca·

362 3383 500 3456 tionem
530 3392 567 3456 61
597 3380 833 3455 donationem
861 3381 902 3453 in
927 3379 1054 3453 eadem
1084 3387 1294 3452 contentam
1323 3376 1363 3450 in
1393 3376 1562 3450 omnibus
1591 3377 1666 3449 suis
1695 3376 1843 3474 punctis
1873 3387 1911 3451 et

364 3507 525 3582 articulis
560 3506 829 3582 conditionibus
859 3515 898 3579 et
927 3505 1046 3579 modis
1080 3530 1121 3576 ac
1155 3502 1440 3576 circumstaneiis
1470 3503 1544 3576 suis
1570 3502 1846 3601 quibuscunque
1871 3503 1911 3576 in

363 3633 531 3707 omnibus
555 3644 592 3707 et
620 3657 687 3730 per
713 3632 836 3706 omnia
861 3630 978 3705 forma
1002 3629 1138 3729 pariter
1165 3638 1203 3701 et
1229 3627 1361 3701 effectu
1388 3638 1432 3702 vt
1458 3629 1675 3726 premissum
1699 3638 1755 3700 661
1781 3653 1910 3726 appro-

363 3759 491 3832 bamus
525 3757 747 3832 ratificamus
781 3783 823 3832 66
857 3781 923 3855 666
956 3754 1062 3830 nobis
1096 3765 1134 3828 61
1167 3753 1302 3828 6661616
1336 3753 1601 3828 successoribus
1633 3779 1700 3852 666
1734 3764 1911 3852 perpetuo

361 3883 616 3958 confirmamus
678 3882 797 3957 Saluis
830 3881 936 3956 nobis
971 3891 1010 3955 ct
1043 3879 1306 3954 successoribus
1339 3880 1474 3954 nostris
1507 3879 1645 3954 iuribus
1680 3890 1718 3954 et
1752 3881 1912 3955 seruitiis

360 4009 583 4108 prefatarum
608 4018 789 4082 terrarum
813 4007 919 4081 nobis
950 4015 1035 4079 6616
1059 4005 1154 4079 hanc
1180 4016 1342 4079 nostram
1372 4004 1683 4079 confirmationem
1708 4005 1843 4080 debitis
1873 4017 1912 4081 et

362 4136 544 4209 consuetis
596 4135 751 4232 Insuper
777 4134 947 4208 volumus
973 4143 1011 4206 61
1035 4131 1266 4206 concedimus
1297 4157 1339 4205 ac
1367 4156 1434 4229 pro
1450 4131 1558 4205 nobis
1583 4142 1621 4205 61
1646 4132 1911 4207 successoribus

361 4260 494 4334 nostris
538 4259 765 4333 decernimus
799 4267 838 4333 et
871 4258 1081 4332 ordinamus
1115 4256 1213 4356 quod
1246 4257 1312 4331 hec
1345 4281 1493 4354 presens
1525 4266 1650 4330 nostra
1683 4257 1910 4333 confirmatio

361 4387 458 4460 16611
496 4386 566 4460 6611
595 4385 824 4459 fortitudinis
862 4384 1001 4458 roboris
1035 4394 1073 4457 61
1106 4382 1258 4457 efficatia
1292 4381 1433 4479 prefato
1467 4381 1604 4456 Dauidi
1638 4393 1676 4457 et
1709 4384 1784 4457 suis
1809 4383 1909 4458 here·

361 4511 468 4586 dibus
484 4511 658 4610 predictis
675 4536 717 4584 ac
734 4511 766 4584 si
783 4509 911 4584 eadem
928 4510 996 4584 sub
1013 4519 1138 4582 nostro
1161 4534 1294 4608 magno
1317 4508 1436 4608 sigillo
1461 4508 1550 4606 ipsis
1575 4508 1615 4581 in
1640 4510 1768 4583 maiori
1793 4510 1910 4585 forma

361 4649 446 4712 ante
471 4639 629 4712 sasinam
655 4662 720 4734 per
745 4636 888 4710 dietum
913 4635 1096 4709 Dauidem
1122 4635 1168 4709 (16
1193 4633 1345 4733 prefatis
1374 4634 1481 4708 terris
1515 4646 1721 4733 susceptam
1750 4634 1838 4710 data
1871 4647 1909 4711 61

361 4789 529 4838 concessa
563 4763 693 4836 fuisset
725 4788 801 4836 666
829 4762 997 4837 obstante
1024 4762 1146 4835 sasina
1173 4759 1369 4834 earundem
1395 4760 1608 4858 peripsum
1637 4771 1724 4834 ante
1756 4761 1909 4837 candem

361 4891 454 4965 hane
481 4899 645 4964 nostram
673 4887 985 4964 confirmationem
1002 4887 1091 4961 61166
1111 4895 1256 4984 captam
1280 4886 1373 4959 circa
1395 4910 1506 4983 quam
1533 4895 1572 4959 61
1599 4910 1723 4960 omnes
1741 4887 1829 4960 alios
1848 4887 1908 4962 de·

360 5015 479 5090 fectus
505 5041 576 5115 que
601 5016 756 5114 desuper
782 5014 885 5112 sequi
907 5013 1071 5111 poterint
1088 5012 1341 5110 dispensamus
1357 5035 1422 5108 per
1438 5020 1624 5109 presentes
1676 5011 1720 5085 ln
1737 5013 1840 5087 cuius
1856 5015 1910 5087 rei

360 5141 613 5216 testimonium
640 5140 725 5214 huic
755 5139 915 5238 presenti
945 5148 1044 5212 carte
1073 5148 1196 5211 nostre
1227 5134 1514 5209 confirmationis
1542 5161 1718 5236 magnum
1748 5137 1909 5237 sigillum

361 5277 528 5342 nostrum
554 5267 689 5366 apponi
715 5265 969 5364 precepimus²
985 5262 1154 5338 Testibus
1180 5261 1389 5360 predilectis
1415 5261 1549 5335 6661616
1575 5264 1851 5361 consanguineis
1874 5275 1912 5340 et

400 5441 412 5481 ¹
434 5445 546 5501 01116666
559 5445 732 5516 1166166616,
747 5445 884 5501 116866.
946 5513 953 5525 .
1162 5445 1344 5511 government
1370 5438 1401 5496 ol
1426 5437 1475 5494 the
1501 5444 1630 5512 country,
1651 5439 1758 5514 though
1783 5442 1850 5515 only
1873 5449 1909 5499 12

400 5533 512 5611 ²King
539 5538 633 5595 James
659 5538 714 5595 had
742 5538 799 5594 this
822 5555 889 5610 year
911 5535 1039 5608 accepted
1063 5533 1112 5591 the
1161 5550 1240 5604 years
1254 5531 1353 5604 usage

460 5665 543 5718 von
564 5665 605 5718 11.
1746 5661 1760 5712 1
