5150 6684
681 811 903 875 OHARTERS
933 810 987 875 OF
1015 811 1101 874 THE
1130 811 1269 875 ABBEY
1299 812 1353 875 OF
1381 811 1664 879 OROSRAGUEL
1908 824 1948 882 53

394 1025 519 1075 eorum
553 999 648 1074 alter
680 998 821 1072 diutius
855 997 985 1072 viuens
1020 1009 1058 1074 et
1092 999 1149 1072 sui
1178 998 1328 1074 heredes
1361 1001 1512 1075 masculi
1548 1002 1739 1101 prescripti
1772 1004 1877 1079 nobis
1911 1018 1950 1081 et

393 1125 658 1202 successoribus
670 1126 805 1200 nostris
818 1123 1012 1200 abbatibus
1026 1151 1088 1198 seu
1100 1124 1416 1199 commendatariis
1428 1126 1563 1224 prefati
1575 1129 1785 1203 monasterii
1797 1132 1947 1206 nostris·

391 1278 439 1327 ve
466 1277 590 1328 eorum
621 1250 824 1326 camerariis
850 1262 889 1326 et
913 1251 1110 1326 factoribus
1139 1277 1206 1350 pro
1236 1251 1344 1325 dictis
1373 1253 1479 1326 terris
1505 1252 1550 1326 de
1579 1253 1838 1354 Drumgirloch
1865 1283 1948 1332 cum

392 1378 602 1453 molendino
636 1376 834 1452 earundem
867 1378 975 1452 terris
1009 1377 1281 1452 molendinariis
1315 1378 1474 1454 astrictis
1507 1379 1679 1455 multuris
1714 1391 1751 1456 et
1792 1383 1948 1482 sequelis

392 1515 540 1578 centum
564 1514 603 1578 et
617 1504 753 1603 viginti
771 1513 928 1603 quatuor
952 1503 1067 1578 bollas
1092 1504 1207 1579 farine
1233 1504 1422 1578 avenaticc
1449 1506 1603 1605 triginta
1620 1533 1685 1582 sex
1712 1507 1828 1582 bollas
1854 1510 1948 1584 ordii

392 1655 475 1704 cum
502 1629 644 1705 duabus
671 1629 851 1704 duodenis
875 1641 914 1704 et
939 1629 1081 1705 duobus
1107 1629 1305 1729 caponibus
1357 1629 1412 1704 Ac
1439 1656 1505 1728 pro
1532 1631 1641 1708 dictis
1666 1645 1748 1709 octo
1778 1637 1947 1712 marcatis

390 1767 567 1830 terrarum
597 1755 643 1830 de
671 1755 925 1854 Balchristyne
952 1756 1218 1856 quinquaginta
1243 1783 1310 1832 sex
1334 1756 1449 1832 bolias
1469 1757 1585 1832 farine
1602 1761 1791 1835 avenatice
1810 1763 1947 1863 viginti

391 1881 482 1957 duas
498 1881 614 1956 bollas
627 1882 720 1956 ordii
738 1893 776 1957 et
800 1907 866 1980 pro
880 1881 989 1958 dictis
1006 1883 1112 1956 terris
1129 1883 1175 1957 de
1192 1883 1241 1957 lie
1258 1883 1380 1958 Manis
1397 1881 1444 1956 dc
1462 1881 1690 1983 Corsragucll
1707 1913 1792 1961 cum
1809 1888 1946 1963 molen·

390 2007 478 2082 dino
513 2007 558 2082 de
588 2007 816 2107 Oorsragucli
846 2009 952 2084 terrie
986 2008 1258 2084 molendinariis
1287 2009 1447 2084 astrictis
1480 2009 1650 2085 multuris
1680 2011 1796 2109 syluis
1829 2016 1945 2112 pratis

389 2135 540 2208 vinariis
557 2143 595 2208 et
611 2133 691 2208 aliis
716 2135 792 2208 suis
808 2135 1040 2232 pertinentiis
1066 2135 1276 2232 prescriptis
1297 2135 1565 2234 quinquaginta
1581 2134 1673 2210 duas
1697 2137 1813 2212 bullas
1830 2139 1945 2216 farine

389 2261 577 2336 avenatice
608 2269 646 2334 et
674 2261 810 2360 viginti
838 2258 954 2335 bollas
985 2260 1077 2334 ordii
1107 2270 1146 2335 et
1174 2259 1375 2334 duodecem
1406 2285 1561 2358 capones
1584 2287 1626 2335 ac
1652 2287 1719 2360 pro
1745 2262 1854 2339 dictis
1879 2292 1944 2341 sex

389 2387 557 2460 marcatis
574 2395 752 2459 terrarum
775 2385 821 2460 de
846 2385 960 2461 Eistir
984 2385 1165 2460 Dunhene
1189 2386 1324 2484 viginti
1351 2385 1442 2461 duas
1468 2385 1584 2460 bolles
1611 2386 1726 2462 farine
1756 2392 1945 2466 avenatice

389 2509 587 2586 duodecem
604 2510 719 2585 bollas
737 2511 829 2586 ordii
846 2537 888 2586 ac
909 2512 1000 2586 duas
1025 2511 1140 2586 bollas
1157 2510 1334 2586 frumenti
1350 2522 1389 2586 ct
1414 2511 1614 2587 duodecem
1638 2539 1794 2612 capones
1811 2542 1853 2590 ac
1877 2542 1944 2615 pro

389 2635 497 2713 dictis
514 2647 671 2737 quatuor
682 2639 852 2712 marcatis
864 2649 1043 2712 terrarum
1057 2636 1102 2712 de
1116 2636 1377 2712 Mochrumhill
1389 2639 1601 2738 octuaginta
1612 2640 1728 2714 bollas
1744 2666 1942 2718 avenarum

388 2764 500 2863 vulgo
524 2764 573 2838 lie
598 2764 682 2838 hors
699 2789 806 2839 corne
831 2765 927 2838 inter
951 2763 1088 2837 festum
1112 2763 1330 2838 Natiuitatis
1357 2763 1508 2838 Domini
1535 2775 1573 2840 et
1599 2765 1862 2864 purificationis
1878 2795 1942 2843 an·

389 2892 531 2965 nuatim
561 2890 666 2966 beate
697 2889 813 2964 Mario
842 2890 995 2988 virginis
1019 2889 1078 2964 vel
1108 2914 1174 2987 pro
1205 2888 1369 2986 qualibet
1399 2889 1498 2964 bolla
1526 2890 1641 2966 farine
1672 2918 1853 2968 summam
1878 2921 1943 2970 sex

388 3017 586 3091 solidorum
603 3026 642 3091 et
658 3027 739 3091 octo
756 3015 987 3090 denariorum
1004 3025 1151 3089 monete
1168 3023 1207 3088 ct
1222 3039 1290 3112 pro
1307 3014 1471 3113 qualibet
1488 3015 1585 3090 bolla
1602 3017 1696 3092 ordii
1713 3029 1751 3092 et
1768 3019 1944 3098 frumenti

387 3142 546 3218 invicem
563 3143 784 3241 computatis
799 3167 981 3217 summam
998 3152 1080 3216 octo
1098 3140 1296 3215 solidorum
1313 3151 1460 3215 monete
1477 3152 1516 3216 et
1537 3168 1602 3241 pro
1621 3143 1785 3242 quolibet
1805 3173 1943 3245 capone

387 3279 470 3344 octo
498 3268 664 3344 denarios
689 3269 736 3344 ad
761 3269 992 3343 voluntatem
1015 3277 1053 3342 et
1080 3265 1272 3341 arbitrium
1301 3267 1525 3365 prefatorum
1553 3267 1710 3346 Giiberti
1735 3274 1879 3348 comitis
1896 3275 1942 3349 de

388 3394 548 3470 Oassiilis
577 3395 782 3495 Margarete
812 3393 931 3469 Lioun
960 3419 1025 3469 sue
1050 3417 1181 3491 sponse
1208 3417 1357 3466 suorum
1383 3392 1560 3467 heredum
1588 3398 1871 3496 prescriptorum
1901 3427 1943 3477 ac

387 3520 499 3596 etiam
514 3546 582 3619 pro
599 3519 708 3596 dictis
724 3545 858 3594 novem
883 3520 1052 3594 marcatis
1079 3529 1257 3593 terrarum
1284 3517 1331 3592 de
1358 3518 1592 3595 Brounstoun
1612 3547 1746 3597 novem
1772 3525 1883 3600 libres
1901 3553 1942 3602 ac

386 3671 452 3744 pro
477 3645 585 3721 dictis
611 3672 675 3721 sex
699 3647 868 3722 marcatis
894 3655 1072 3720 terrarum
1098 3644 1143 3718 de
1164 3643 1301 3718 Westir
1325 3644 1508 3719 Dunhene
1534 3671 1599 3720 sex
1624 3647 1736 3724 libras
1802 3651 1854 3727 Et
1874 3678 1941 3751 pro

387 3771 495 3846 dictis
522 3798 586 3846 sex
613 3773 781 3847 marcatis
808 3782 986 3847 terrarum
1012 3770 1057 3845 de
1084 3768 1335 3844 Auchnachtis
1361 3795 1426 3844 sex
1455 3771 1566 3845 libras
1617 3772 1667 3847 Et
1695 3799 1762 3872 pro
1791 3777 1941 3874 prefatis

388 3909 545 3997 quatuor
577 3899 746 3973 marcatis
780 3908 959 3973 terrarum
993 3897 1039 3970 de
1074 3894 1292 3993 Baikynney
1326 3905 1483 3994 quatuor
1511 3896 1623 3973 libras
1656 3925 1699 3973 ac
1732 3903 1845 3976 etiam
1874 3930 1941 4002 pro

387 4024 496 4100 dictis
523 4025 789 4123 quinquaginta
814 4023 977 4098 solidatis
1002 4034 1181 4097 terrarum
1198 4020 1244 4094 de
1269 4019 1431 4122 Oragoch
1452 4048 1536 4097 cum
1553 4023 1761 4101 carbonario
1778 4029 1941 4105 ciusdem

386 4149 586 4226 duodecem
606 4150 717 4225 librae
733 4160 879 4224 monete
929 4149 980 4222 Et
1005 4174 1071 4246 pro
1098 4147 1197 4222 dicta
1222 4158 1382 4222 marcata
1410 4159 1505 4222 terre
1533 4149 1579 4223 de
1608 4149 1784 4226 Stratoun
1811 4167 1942 4232 vocata

386 4275 588 4352 Knokbrek
605 4287 679 4352 tres
695 4276 806 4350 libras
823 4301 889 4350 sex
905 4275 1038 4348 solidos
1056 4284 1093 4348 et
1110 4283 1193 4347 octo
1211 4271 1377 4347 denarios
1394 4299 1552 4348 vnacum
1570 4274 1769 4352 duodecem
1794 4283 1939 4378 ceponi-

386 4401 454 4478 bus
504 4403 555 4476 Et
578 4428 644 4501 pro
668 4401 776 4476 dictis
801 4401 926 4475 decem
947 4399 1111 4474 solidatis
1136 4409 1314 4473 terrarum
1339 4399 1385 4473 de
1410 4398 1700 4477 Maitmanstoun
1729 4415 1802 4479 tres
1828 4405 1940 4482 libras

386 4538 424 4602 ct
457 4539 614 4626 quatuor
648 4553 802 4626 capones
836 4553 878 4602 ac
911 4551 977 4625 pro
1010 4524 1161 4624 prefatis
1195 4524 1438 4624 quadraginta
1471 4525 1635 4601 solidatis
1676 4539 1856 4604 terrarum
1893 4533 1939 4608 de

385 4653 667 4730 M‘Gownstoun
701 4677 881 4728 summam
915 4661 1072 4751 quatuor
1112 4649 1286 4724 librarum
1320 4661 1359 4724 et
1393 4661 1550 4749 quatuor
1582 4678 1738 4751 capones
1771 4656 1832 4729 vel
1873 4684 1940 4757 pro

386 4779 550 4878 quolibet
577 4805 712 4878 copone
741 4777 940 4853 duodecem
965 4777 1131 4851 denarios
1151 4775 1199 4850 ad
1224 4775 1316 4851 duos
1338 4778 1427 4850 anni
1442 4779 1618 4852 terminos
1635 4791 1836 4873 consuetos,
1855 4785 1938 4876 via,

385 4905 638 4981 Penthicostes
667 4915 706 4980 et
735 4904 861 4980 Sancti
889 4903 1042 4978 Martini
1071 4902 1111 4975 in
1140 4901 1259 4976 hieme
1288 4926 1330 4976 ac
1352 4927 1419 5000 pro
1445 4903 1587 5001 prefata
1612 4905 1766 5002 piscaria
1795 4909 1867 4984 oria
1896 4935 1939 4986 ac

385 5033 557 5106 introitus
583 5056 676 5129 aque
703 5030 748 5105 de
774 5029 941 5104 Gervane
963 5039 1038 5102 tres
1066 5026 1252 5102 duodenas
1279 5027 1484 5102 salmonum
1514 5029 1691 5105 salsorum
1717 5032 1814 5108 inter
1839 5035 1939 5110 dicta

295 5233 298 5242 ,
384 5155 479 5233 festa
494 5156 722 5232 Natiuitatas
744 5155 895 5230 Domini
911 5165 950 5230 et
965 5153 1227 5252 purificationis
1252 5153 1359 5228 beate
1383 5154 1500 5228 Mario
1516 5155 1669 5256 virginis
1685 5168 1864 5257 tanquam
1880 5161 1937 5236 in.

385 5295 525 5384 tagram
542 5283 685 5357 firmam
702 5307 768 5381 pro
785 5280 894 5356 dictis
910 5281 1016 5356 terris
1031 5305 1071 5353 ac
1085 5278 1281 5354 earundem
1294 5279 1443 5353 decimis
1460 5280 1553 5355 solui
1570 5281 1687 5358 solitis
1704 5294 1743 5358 et
1755 5288 1938 5362 consuetis

385 5410 481 5498 Quia
497 5410 629 5484 decimi
653 5407 806 5483 afirmis
830 5432 898 5481 nec
920 5405 1017 5480 firmi
1035 5402 1118 5503 (sio)
1136 5430 1158 5478 a
1175 5405 1325 5480 decimis
1349 5431 1539 5504 nunquam
1561 5408 1822 5507 separabantur
1838 5413 1937 5511 quod

384 5547 497 5612 terras
514 5535 637 5609 firmas
653 5533 856 5610 antedictas
873 5530 1065 5607 soluendae
1077 5540 1122 5604 vt
1146 5532 1363 5629 premissum
1380 5543 1436 5607 est
1450 5543 1628 5631 tanquam
1643 5535 1803 5636 integras
1815 5537 1938 5616 firmas
1957 5539 1971 5558 ⁸
