<?xml version="1.0" encoding="UTF-8"?>
<!DOCTYPE html PUBLIC "-//W3C//DTD XHTML 1.0 Transitional//EN"
    "http://www.w3.org/TR/xhtml1/DTD/xhtml1-transitional.dtd">
<html xmlns="http://www.w3.org/1999/xhtml" xml:lang="en" lang="en">
 <head>
  <title>
</title>
<meta http-equiv="Content-Type" content="text/html;charset=utf-8" />
  <meta name='ocr-system' content='tesseract 3.04.00' />
  <meta name='ocr-capabilities' content='ocr_page ocr_carea ocr_par ocr_line ocrx_word'/>
</head>
<body>
  <div class='ocr_page' id='page_1' title='image "./chartersabbeycr00abbegoog_0069.png"; bbox 0 0 5150 6684; ppageno 0'>
   <div class='ocr_carea' id='block_1_1' title="bbox 609 793 1877 860">
    <p class='ocr_par' dir='ltr' id='par_1_1' title="bbox 609 793 1877 860">
     <span class='ocr_line' id='line_1_1' title="bbox 609 793 1877 860; baseline 0.003 -4"><span class='ocrx_word' id='word_1_1' title='bbox 609 797 650 856; x_wconf 77' lang='grc'>52</span> <span class='ocrx_word' id='word_1_2' title='bbox 890 793 1113 858; x_wconf 78' lang='lat' dir='ltr'><strong>CHARTERS</strong></span> <span class='ocrx_word' id='word_1_3' title='bbox 1141 794 1195 858; x_wconf 82' lang='lat' dir='ltr'>OF</span> <span class='ocrx_word' id='word_1_4' title='bbox 1224 794 1312 858; x_wconf 81' lang='lat' dir='ltr'>THE</span> <span class='ocrx_word' id='word_1_5' title='bbox 1339 795 1480 860; x_wconf 80' lang='lat' dir='ltr'><strong>ABBEY</strong></span> <span class='ocrx_word' id='word_1_6' title='bbox 1509 796 1564 859; x_wconf 80' lang='lat' dir='ltr'>OF</span> <span class='ocrx_word' id='word_1_7' title='bbox 1592 795 1877 860; x_wconf 82' lang='lat' dir='ltr'><strong>OROSRAGUEL</strong></span> 
     </span>
    </p>
   </div>
   <div class='ocr_carea' id='block_1_2' title="bbox 608 980 2168 1335">
    <p class='ocr_par' dir='ltr' id='par_1_2' title="bbox 608 980 2168 1335">
     <span class='ocr_line' id='line_1_2' title="bbox 608 980 2167 1083; baseline 0 -27"><span class='ocrx_word' id='word_1_8' title='bbox 608 981 769 1080; x_wconf 89' lang='lat' dir='ltr'>prefatas</span> <span class='ocrx_word' id='word_1_9' title='bbox 800 981 927 1056; x_wconf 91' lang='lat' dir='ltr'>decem</span> <span class='ocrx_word' id='word_1_10' title='bbox 956 980 1107 1056; x_wconf 90' lang='lat' dir='ltr'>libratas</span> <span class='ocrx_word' id='word_1_11' title='bbox 1137 992 1316 1056; x_wconf 91' lang='lat' dir='ltr'>terrarum</span> <span class='ocrx_word' id='word_1_12' title='bbox 1346 984 1489 1083; x_wconf 77' lang='lat' dir='ltr'>antiqui</span> <span class='ocrx_word' id='word_1_13' title='bbox 1519 993 1691 1058; x_wconf 86' lang='lat' dir='ltr'>extentus</span> <span class='ocrx_word' id='word_1_14' title='bbox 1720 983 1767 1057; x_wconf 90' lang='lat' dir='ltr'>de</span> <span class='ocrx_word' id='word_1_15' title='bbox 1793 981 2052 1082; x_wconf 86' lang='lat' dir='ltr'>Drumgirloch</span> <span class='ocrx_word' id='word_1_16' title='bbox 2082 1007 2167 1056; x_wconf 89' lang='lat' dir='ltr'>cum</span> 
     </span>
     <span class='ocr_line' id='line_1_3' title="bbox 609 1107 2167 1207; baseline -0.001 -25"><span class='ocrx_word' id='word_1_17' title='bbox 609 1107 819 1182; x_wconf 88' lang='lat' dir='ltr'>molendino</span> <span class='ocrx_word' id='word_1_18' title='bbox 840 1108 885 1182; x_wconf 94' lang='lat' dir='ltr'>de</span> <span class='ocrx_word' id='word_1_19' title='bbox 911 1107 1170 1207; x_wconf 87' lang='lat' dir='ltr'>Drumgirloch</span> <span class='ocrx_word' id='word_1_20' title='bbox 1195 1108 1302 1182; x_wconf 89' lang='lat' dir='ltr'>terris</span> <span class='ocrx_word' id='word_1_21' title='bbox 1326 1110 1598 1184; x_wconf 81' lang='lat' dir='ltr'>molendinariis</span> <span class='ocrx_word' id='word_1_22' title='bbox 1625 1109 1785 1183; x_wconf 89' lang='lat' dir='ltr'>astrictis</span> <span class='ocrx_word' id='word_1_23' title='bbox 1811 1109 1984 1183; x_wconf 91' lang='lat' dir='ltr'>multuris</span> <span class='ocrx_word' id='word_1_24' title='bbox 2010 1107 2167 1206; x_wconf 89' lang='lat' dir='ltr'>sequelis</span> 
     </span>
     <span class='ocr_line' id='line_1_4' title="bbox 609 1232 2168 1335; baseline -0.001 -26"><span class='ocrx_word' id='word_1_25' title='bbox 609 1234 771 1309; x_wconf 90' lang='lat' dir='ltr'>eiusdem</span> <span class='ocrx_word' id='word_1_26' title='bbox 798 1259 882 1307; x_wconf 90' lang='lat' dir='ltr'>cum</span> <span class='ocrx_word' id='word_1_27' title='bbox 908 1234 1014 1332; x_wconf 89' lang='lat' dir='ltr'>sylua</span> <span class='ocrx_word' id='word_1_28' title='bbox 1039 1233 1085 1308; x_wconf 93' lang='grc'>16</span> <span class='ocrx_word' id='word_1_29' title='bbox 1111 1232 1339 1334; x_wconf 83' lang='lat' dir='ltr'>Corsraguell</span> <span class='ocrx_word' id='word_1_30' title='bbox 1364 1236 1507 1310; x_wconf 87' lang='lat' dir='ltr'>vinario</span> <span class='ocrx_word' id='word_1_31' title='bbox 1530 1235 1643 1335; x_wconf 85' lang='lat' dir='ltr'>vulgo</span> <span class='ocrx_word' id='word_1_32' title='bbox 1669 1247 1798 1309; x_wconf 83' lang='lat' dir='ltr'>vocato</span> <span class='ocrx_word' id='word_1_33' title='bbox 1826 1235 1875 1308; x_wconf 91' lang='lat' dir='ltr'>lie</span> <span class='ocrx_word' id='word_1_34' title='bbox 1892 1234 1993 1309; x_wconf 89' lang='lat' dir='ltr'>ward</span> <span class='ocrx_word' id='word_1_35' title='bbox 2022 1259 2065 1308; x_wconf 89' lang='grc'>66</span> <span class='ocrx_word' id='word_1_36' title='bbox 2086 1233 2168 1308; x_wconf 89' lang='lat' dir='ltr'>aliis</span> 
     </span>
    </p>
   </div>
   <div class='ocr_carea' id='block_1_3' title="bbox 608 1360 2168 5615">
    <p class='ocr_par' dir='ltr' id='par_1_3' title="bbox 608 1360 2168 5615">
     <span class='ocr_line' id='line_1_5' title="bbox 610 1360 2168 1461; baseline -0.001 -26"><span class='ocrx_word' id='word_1_37' title='bbox 610 1361 685 1435; x_wconf 89' lang='lat' dir='ltr'>suis</span> <span class='ocrx_word' id='word_1_38' title='bbox 710 1361 944 1457; x_wconf 77' lang='lat' dir='ltr'>pertinentiis</span> <span class='ocrx_word' id='word_1_39' title='bbox 970 1360 1247 1458; x_wconf 82' lang='lat' dir='ltr'>quibuscunque</span> <span class='ocrx_word' id='word_1_40' title='bbox 1298 1360 1354 1434; x_wconf 81' lang='lat' dir='ltr'>Ac</span> <span class='ocrx_word' id='word_1_41' title='bbox 1370 1373 1467 1436; x_wconf 87' lang='lat' dir='ltr'>totas</span> <span class='ocrx_word' id='word_1_42' title='bbox 1488 1372 1526 1436; x_wconf 92' lang='grc'>61</span> <span class='ocrx_word' id='word_1_43' title='bbox 1551 1363 1713 1461; x_wconf 86' lang='lat' dir='ltr'>integras</span> <span class='ocrx_word' id='word_1_44' title='bbox 1729 1371 1872 1436; x_wconf 90' lang='lat' dir='ltr'>nostras</span> <span class='ocrx_word' id='word_1_45' title='bbox 1890 1371 1972 1435; x_wconf 94' lang='lat' dir='ltr'>octo</span> <span class='ocrx_word' id='word_1_46' title='bbox 1990 1371 2168 1434; x_wconf 87' lang='lat' dir='ltr'>marcatas</span> 
     </span>
     <span class='ocr_line' id='line_1_6' title="bbox 609 1485 2167 1585; baseline 0 -25"><span class='ocrx_word' id='word_1_47' title='bbox 609 1497 788 1560; x_wconf 89' lang='lat' dir='ltr'>terrarum</span> <span class='ocrx_word' id='word_1_48' title='bbox 805 1485 851 1560; x_wconf 90' lang='lat' dir='ltr'>de</span> <span class='ocrx_word' id='word_1_49' title='bbox 874 1485 1140 1583; x_wconf 88' lang='lat' dir='ltr'>Balchrystyne</span> <span class='ocrx_word' id='word_1_50' title='bbox 1166 1496 1325 1585; x_wconf 85' lang='lat' dir='ltr'>quatuor</span> <span class='ocrx_word' id='word_1_51' title='bbox 1348 1497 1528 1561; x_wconf 89' lang='lat' dir='ltr'>marcatas</span> <span class='ocrx_word' id='word_1_52' title='bbox 1553 1499 1731 1562; x_wconf 87' lang='lat' dir='ltr'>terramm</span> <span class='ocrx_word' id='word_1_53' title='bbox 1756 1487 2030 1561; x_wconf 70' lang='lat' dir='ltr'>dominicalium</span> <span class='ocrx_word' id='word_1_54' title='bbox 2055 1485 2167 1584; x_wconf 86' lang='lat' dir='ltr'>vulgo</span> 
     </span>
     <span class='ocr_line' id='line_1_7' title="bbox 609 1611 2168 1710; baseline 0 -24"><span class='ocrx_word' id='word_1_55' title='bbox 609 1613 657 1686; x_wconf 90' lang='lat' dir='ltr'>lie</span> <span class='ocrx_word' id='word_1_56' title='bbox 674 1613 792 1686; x_wconf 89' lang='lat' dir='ltr'>manis</span> <span class='ocrx_word' id='word_1_57' title='bbox 810 1637 895 1686; x_wconf 93' lang='lat' dir='ltr'>cum</span> <span class='ocrx_word' id='word_1_58' title='bbox 919 1611 1129 1686; x_wconf 90' lang='lat' dir='ltr'>molendino</span> <span class='ocrx_word' id='word_1_59' title='bbox 1154 1623 1286 1686; x_wconf 87' lang='lat' dir='ltr'>vocato</span> <span class='ocrx_word' id='word_1_60' title='bbox 1313 1613 1566 1688; x_wconf 80' lang='lat' dir='ltr'>molendinum</span> <span class='ocrx_word' id='word_1_61' title='bbox 1594 1612 1735 1688; x_wconf 91' lang='lat' dir='ltr'>cenobii</span> <span class='ocrx_word' id='word_1_62' title='bbox 1762 1638 1847 1688; x_wconf 92' lang='lat' dir='ltr'>cum</span> <span class='ocrx_word' id='word_1_63' title='bbox 1874 1613 2045 1687; x_wconf 87' lang='lat' dir='ltr'>multuris</span> <span class='ocrx_word' id='word_1_64' title='bbox 2063 1611 2168 1710; x_wconf 91' lang='lat' dir='ltr'>sylua</span> 
     </span>
     <span class='ocr_line' id='line_1_8' title="bbox 609 1738 2167 1838; baseline 0 -26"><span class='ocrx_word' id='word_1_65' title='bbox 609 1749 714 1837; x_wconf 92' lang='lat' dir='ltr'>prato</span> <span class='ocrx_word' id='word_1_66' title='bbox 742 1764 783 1814; x_wconf 91' lang='lat' dir='ltr'>ac</span> <span class='ocrx_word' id='word_1_67' title='bbox 812 1738 892 1811; x_wconf 88' lang='lat' dir='ltr'>aliis</span> <span class='ocrx_word' id='word_1_68' title='bbox 918 1739 993 1811; x_wconf 91' lang='lat' dir='ltr'>suis</span> <span class='ocrx_word' id='word_1_69' title='bbox 1013 1739 1246 1836; x_wconf 84' lang='lat' dir='ltr'>pertinentiis</span> <span class='ocrx_word' id='word_1_70' title='bbox 1308 1739 1418 1814; x_wconf 89' lang='lat' dir='ltr'>Totas</span> <span class='ocrx_word' id='word_1_71' title='bbox 1446 1749 1484 1813; x_wconf 90' lang='lat' dir='ltr'>et</span> <span class='ocrx_word' id='word_1_72' title='bbox 1512 1740 1675 1838; x_wconf 87' lang='lat' dir='ltr'>integras</span> <span class='ocrx_word' id='word_1_73' title='bbox 1704 1739 1864 1838; x_wconf 85' lang='lat' dir='ltr'>prefatas</span> <span class='ocrx_word' id='word_1_74' title='bbox 1893 1765 1958 1813; x_wconf 87' lang='lat' dir='ltr'>sex</span> <span class='ocrx_word' id='word_1_75' title='bbox 1987 1749 2167 1813; x_wconf 87' lang='lat' dir='ltr'>marcatas</span> 
     </span>
     <span class='ocr_line' id='line_1_9' title="bbox 610 1863 2168 1963; baseline -0.001 -24"><span class='ocrx_word' id='word_1_76' title='bbox 610 1875 789 1939; x_wconf 89' lang='lat' dir='ltr'>terrarum</span> <span class='ocrx_word' id='word_1_77' title='bbox 817 1863 862 1938; x_wconf 96' lang='lat' dir='ltr'>de</span> <span class='ocrx_word' id='word_1_78' title='bbox 890 1863 1005 1938; x_wconf 85' lang='lat' dir='ltr'>Eistir</span> <span class='ocrx_word' id='word_1_79' title='bbox 1030 1863 1212 1938; x_wconf 91' lang='lat' dir='ltr'>Dunhene</span> <span class='ocrx_word' id='word_1_80' title='bbox 1233 1875 1391 1963; x_wconf 89' lang='lat' dir='ltr'>quatuor</span> <span class='ocrx_word' id='word_1_81' title='bbox 1418 1876 1597 1939; x_wconf 91' lang='lat' dir='ltr'>marcatas</span> <span class='ocrx_word' id='word_1_82' title='bbox 1623 1875 1802 1940; x_wconf 90' lang='lat' dir='ltr'>terrarum</span> <span class='ocrx_word' id='word_1_83' title='bbox 1832 1865 1878 1938; x_wconf 91' lang='lat' dir='ltr'>de</span> <span class='ocrx_word' id='word_1_84' title='bbox 1908 1864 2168 1939; x_wconf 91' lang='lat' dir='ltr'>Mochrumhill</span> 
     </span>
     <span class='ocr_line' id='line_1_10' title="bbox 609 1989 2168 2066; baseline 0.001 -2"><span class='ocrx_word' id='word_1_85' title='bbox 609 2016 742 2064; x_wconf 91' lang='lat' dir='ltr'>novem</span> <span class='ocrx_word' id='word_1_86' title='bbox 759 2000 937 2064; x_wconf 86' lang='lat' dir='ltr'>marcatas</span> <span class='ocrx_word' id='word_1_87' title='bbox 954 2000 1133 2063; x_wconf 88' lang='lat' dir='ltr'>terrarum</span> <span class='ocrx_word' id='word_1_88' title='bbox 1151 1989 1196 2063; x_wconf 93' lang='grc'>16</span> <span class='ocrx_word' id='word_1_89' title='bbox 1223 1989 1459 2065; x_wconf 88' lang='grc' dir='ltr'><strong>Β166661666</strong></span> <span class='ocrx_word' id='word_1_90' title='bbox 1475 2017 1539 2064; x_wconf 86' lang='lat' dir='ltr'>sex</span> <span class='ocrx_word' id='word_1_91' title='bbox 1557 2001 1735 2065; x_wconf 87' lang='lat' dir='ltr'>marcatas</span> <span class='ocrx_word' id='word_1_92' title='bbox 1761 2001 1942 2065; x_wconf 87' lang='lat' dir='ltr'>terrarum</span> <span class='ocrx_word' id='word_1_93' title='bbox 1967 1991 2014 2065; x_wconf 93' lang='lat' dir='ltr'>de</span> <span class='ocrx_word' id='word_1_94' title='bbox 2030 1990 2168 2066; x_wconf 84' lang='lat' dir='ltr'>Westir</span> 
     </span>
     <span class='ocr_line' id='line_1_11' title="bbox 609 2115 2166 2216; baseline -0.001 -25"><span class='ocrx_word' id='word_1_95' title='bbox 609 2116 789 2191; x_wconf 89' lang='lat' dir='ltr'>Dunhane</span> <span class='ocrx_word' id='word_1_96' title='bbox 808 2143 872 2190; x_wconf 81' lang='lat' dir='ltr'>sex</span> <span class='ocrx_word' id='word_1_97' title='bbox 889 2126 1067 2190; x_wconf 86' lang='lat' dir='ltr'>marcatas</span> <span class='ocrx_word' id='word_1_98' title='bbox 1085 2115 1130 2189; x_wconf 93' lang='grc'>16</span> <span class='ocrx_word' id='word_1_99' title='bbox 1148 2115 1425 2190; x_wconf 85' lang='lat' dir='ltr'>Auchnauchtis</span> <span class='ocrx_word' id='word_1_100' title='bbox 1443 2127 1602 2216; x_wconf 89' lang='lat' dir='ltr'>quatuor</span> <span class='ocrx_word' id='word_1_101' title='bbox 1618 2127 1797 2190; x_wconf 89' lang='lat' dir='ltr'>marcatas</span> <span class='ocrx_word' id='word_1_102' title='bbox 1814 2126 1993 2192; x_wconf 84' lang='lat' dir='ltr'>terrarum</span> <span class='ocrx_word' id='word_1_103' title='bbox 2010 2116 2056 2190; x_wconf 92' lang='lat' dir='ltr'>de</span> <span class='ocrx_word' id='word_1_104' title='bbox 2083 2115 2166 2190; x_wconf 89' lang='lat' dir='ltr'>Bal-</span> 
     </span>
     <span class='ocr_line' id='line_1_12' title="bbox 609 2241 2167 2342; baseline -0.001 -26"><span class='ocrx_word' id='word_1_105' title='bbox 609 2242 760 2340; x_wconf 86' lang='lat' dir='ltr'>kynney</span> <span class='ocrx_word' id='word_1_106' title='bbox 776 2242 1043 2340; x_wconf 87' lang='lat' dir='ltr'>quinquaginta</span> <span class='ocrx_word' id='word_1_107' title='bbox 1068 2241 1241 2315; x_wconf 87' lang='lat' dir='ltr'>solidatas</span> <span class='ocrx_word' id='word_1_108' title='bbox 1258 2253 1438 2317; x_wconf 88' lang='lat' dir='ltr'>terrarum</span> <span class='ocrx_word' id='word_1_109' title='bbox 1455 2243 1500 2317; x_wconf 89' lang='lat' dir='ltr'>de</span> <span class='ocrx_word' id='word_1_110' title='bbox 1518 2242 1682 2342; x_wconf 79' lang='lat' dir='ltr'>Cragoch</span> <span class='ocrx_word' id='word_1_111' title='bbox 1708 2242 1935 2317; x_wconf 84' lang='lat' dir='ltr'>Oamestoun</span> <span class='ocrx_word' id='word_1_112' title='bbox 1953 2253 1991 2318; x_wconf 91' lang='grc'>61</span> <span class='ocrx_word' id='word_1_113' title='bbox 2014 2241 2167 2316; x_wconf 86' lang='lat' dir='ltr'>Knokin</span> 
     </span>
     <span class='ocr_line' id='line_1_13' title="bbox 609 2367 2168 2443; baseline 0 -1"><span class='ocrx_word' id='word_1_114' title='bbox 609 2394 693 2442; x_wconf 92' lang='lat' dir='ltr'>cum</span> <span class='ocrx_word' id='word_1_115' title='bbox 714 2367 922 2442; x_wconf 90' lang='lat' dir='ltr'>carbonario</span> <span class='ocrx_word' id='word_1_116' title='bbox 948 2367 1146 2442; x_wconf 86' lang='grc'><strong>6611161616</strong></span> <span class='ocrx_word' id='word_1_117' title='bbox 1172 2378 1302 2441; x_wconf 82' lang='lat' dir='ltr'>vocato</span> <span class='ocrx_word' id='word_1_118' title='bbox 1333 2368 1585 2443; x_wconf 90' lang='lat' dir='ltr'>carbonarium</span> <span class='ocrx_word' id='word_1_119' title='bbox 1615 2368 1660 2442; x_wconf 93' lang='lat' dir='ltr'>de</span> <span class='ocrx_word' id='word_1_120' title='bbox 1689 2367 1943 2442; x_wconf 84' lang='lat' dir='ltr'>Halhallowlie</span> <span class='ocrx_word' id='word_1_121' title='bbox 1970 2379 2168 2442; x_wconf 82' lang='lat' dir='ltr'>mercatam</span> 
     </span>
     <span class='ocr_line' id='line_1_14' title="bbox 610 2492 2168 2594; baseline 0 -26"><span class='ocrx_word' id='word_1_122' title='bbox 610 2504 706 2568; x_wconf 90' lang='lat' dir='ltr'>terra</span> <span class='ocrx_word' id='word_1_123' title='bbox 740 2493 786 2567; x_wconf 91' lang='lat' dir='ltr'>de</span> <span class='ocrx_word' id='word_1_124' title='bbox 821 2492 1024 2568; x_wconf 79' lang='lat' dir='ltr'>Knolrbrek</span> <span class='ocrx_word' id='word_1_125' title='bbox 1058 2493 1156 2591; x_wconf 90' lang='lat' dir='ltr'>apud</span> <span class='ocrx_word' id='word_1_126' title='bbox 1189 2494 1377 2567; x_wconf 88' lang='lat' dir='ltr'>ecclesiam</span> <span class='ocrx_word' id='word_1_127' title='bbox 1411 2495 1457 2569; x_wconf 92' lang='lat' dir='ltr'>de</span> <span class='ocrx_word' id='word_1_128' title='bbox 1501 2495 1677 2570; x_wconf 80' lang='lat' dir='ltr'>Stratoun</span> <span class='ocrx_word' id='word_1_129' title='bbox 1717 2493 1961 2594; x_wconf 89' lang='lat' dir='ltr'>quadraginta</span> <span class='ocrx_word' id='word_1_130' title='bbox 1993 2492 2168 2568; x_wconf 88' lang='lat' dir='ltr'>solidatas</span> 
     </span>
     <span class='ocr_line' id='line_1_15' title="bbox 608 2617 2167 2694; baseline 0.001 -2"><span class='ocrx_word' id='word_1_131' title='bbox 608 2629 787 2693; x_wconf 88' lang='lat' dir='ltr'>terrarum</span> <span class='ocrx_word' id='word_1_132' title='bbox 817 2617 863 2692; x_wconf 93' lang='lat' dir='ltr'>de</span> <span class='ocrx_word' id='word_1_133' title='bbox 896 2617 1178 2693; x_wconf 83' lang='lat' dir='ltr'>M‘Gownstoun</span> <span class='ocrx_word' id='word_1_134' title='bbox 1208 2618 1333 2693; x_wconf 91' lang='lat' dir='ltr'>decem</span> <span class='ocrx_word' id='word_1_135' title='bbox 1371 2620 1545 2694; x_wconf 88' lang='lat' dir='ltr'>solidatas</span> <span class='ocrx_word' id='word_1_136' title='bbox 1578 2631 1758 2694; x_wconf 89' lang='lat' dir='ltr'>terrarum</span> <span class='ocrx_word' id='word_1_137' title='bbox 1791 2620 1837 2694; x_wconf 90' lang='lat' dir='ltr'>de</span> <span class='ocrx_word' id='word_1_138' title='bbox 1875 2621 2167 2694; x_wconf 87' lang='lat' dir='ltr'>Maltmanstoun</span> 
     </span>
     <span class='ocr_line' id='line_1_16' title="bbox 610 2744 2167 2844; baseline 0.001 -26"><span class='ocrx_word' id='word_1_139' title='bbox 610 2745 754 2843; x_wconf 92' lang='lat' dir='ltr'>antiqui</span> <span class='ocrx_word' id='word_1_140' title='bbox 771 2753 943 2818; x_wconf 86' lang='lat' dir='ltr'>extentus</span> <span class='ocrx_word' id='word_1_141' title='bbox 960 2769 1118 2818; x_wconf 81' lang='lat' dir='ltr'>vnacum</span> <span class='ocrx_word' id='word_1_142' title='bbox 1135 2744 1234 2818; x_wconf 90' lang='lat' dir='ltr'>dicta</span> <span class='ocrx_word' id='word_1_143' title='bbox 1259 2745 1413 2843; x_wconf 88' lang='lat' dir='ltr'>piscaria</span> <span class='ocrx_word' id='word_1_144' title='bbox 1438 2747 1611 2821; x_wconf 87' lang='lat' dir='ltr'>introitus</span> <span class='ocrx_word' id='word_1_145' title='bbox 1638 2757 1677 2820; x_wconf 94' lang='grc'>61</span> <span class='ocrx_word' id='word_1_146' title='bbox 1705 2746 1778 2821; x_wconf 90' lang='grc'><strong>6116</strong></span> <span class='ocrx_word' id='word_1_147' title='bbox 1805 2772 1898 2844; x_wconf 89' lang='lat' dir='ltr'>aque</span> <span class='ocrx_word' id='word_1_148' title='bbox 1925 2746 1972 2820; x_wconf 92' lang='grc'>16</span> <span class='ocrx_word' id='word_1_149' title='bbox 1999 2746 2167 2821; x_wconf 84' lang='lat' dir='ltr'>Gervane</span> 
     </span>
     <span class='ocr_line' id='line_1_17' title="bbox 610 2869 2168 2972; baseline 0.001 -28"><span class='ocrx_word' id='word_1_150' title='bbox 610 2895 652 2944; x_wconf 85' lang='grc'>66</span> <span class='ocrx_word' id='word_1_151' title='bbox 681 2870 762 2944; x_wconf 92' lang='lat' dir='ltr'>aliis</span> <span class='ocrx_word' id='word_1_152' title='bbox 789 2871 864 2944; x_wconf 91' lang='lat' dir='ltr'>suis</span> <span class='ocrx_word' id='word_1_153' title='bbox 898 2871 1130 2967; x_wconf 87' lang='lat' dir='ltr'>pertinentiis</span> <span class='ocrx_word' id='word_1_154' title='bbox 1168 2869 1447 2971; x_wconf 86' lang='lat' dir='ltr'>quibuscunque</span> <span class='ocrx_word' id='word_1_155' title='bbox 1481 2873 1639 2946; x_wconf 91' lang='lat' dir='ltr'>iacentes</span> <span class='ocrx_word' id='word_1_156' title='bbox 1669 2872 1709 2946; x_wconf 93' lang='lat' dir='ltr'>in</span> <span class='ocrx_word' id='word_1_157' title='bbox 1742 2872 1934 2972; x_wconf 84' lang='lat' dir='ltr'>regalitate</span> <span class='ocrx_word' id='word_1_158' title='bbox 1966 2882 2092 2946; x_wconf 88' lang='lat' dir='ltr'>nostra</span> <span class='ocrx_word' id='word_1_159' title='bbox 2121 2869 2168 2945; x_wconf 94' lang='lat' dir='ltr'>de</span> 
     </span>
     <span class='ocr_line' id='line_1_18' title="bbox 610 2994 2168 3096; baseline 0.001 -25"><span class='ocrx_word' id='word_1_160' title='bbox 610 2995 839 3096; x_wconf 81' lang='lat' dir='ltr'>Corsraguell</span> <span class='ocrx_word' id='word_1_161' title='bbox 862 2994 1015 3070; x_wconf 89' lang='lat' dir='ltr'>balliatu</span> <span class='ocrx_word' id='word_1_162' title='bbox 1032 2995 1078 3070; x_wconf 91' lang='lat' dir='ltr'>de</span> <span class='ocrx_word' id='word_1_163' title='bbox 1096 2996 1223 3071; x_wconf 85' lang='lat' dir='ltr'>Oarrik</span> <span class='ocrx_word' id='word_1_164' title='bbox 1247 3006 1286 3071; x_wconf 91' lang='grc'>61</span> <span class='ocrx_word' id='word_1_165' title='bbox 1311 2997 1407 3072; x_wconf 88' lang='grc'><strong>16116</strong></span> <span class='ocrx_word' id='word_1_166' title='bbox 1423 2999 1720 3073; x_wconf 87' lang='lat' dir='ltr'>vicecomitatum</span> <span class='ocrx_word' id='word_1_167' title='bbox 1737 2998 1783 3072; x_wconf 94' lang='lat' dir='ltr'>de</span> <span class='ocrx_word' id='word_1_168' title='bbox 1800 2999 1868 3072; x_wconf 84' lang='lat' dir='ltr'>Air</span> <span class='ocrx_word' id='word_1_169' title='bbox 1882 2999 2035 3096; x_wconf 90' lang='lat' dir='ltr'>prefatis</span> <span class='ocrx_word' id='word_1_170' title='bbox 2051 2997 2168 3072; x_wconf 90' lang='lat' dir='ltr'>nobili</span> 
     </span>
     <span class='ocr_line' id='line_1_19' title="bbox 610 3121 2167 3223; baseline 0.001 -26"><span class='ocrx_word' id='word_1_171' title='bbox 610 3133 649 3197; x_wconf 91' lang='grc'>61</span> <span class='ocrx_word' id='word_1_172' title='bbox 674 3123 820 3220; x_wconf 89' lang='lat' dir='ltr'>potenti</span> <span class='ocrx_word' id='word_1_173' title='bbox 837 3121 984 3196; x_wconf 92' lang='lat' dir='ltr'>domino</span> <span class='ocrx_word' id='word_1_174' title='bbox 1003 3121 1168 3197; x_wconf 83' lang='lat' dir='ltr'>Gilberto</span> <span class='ocrx_word' id='word_1_175' title='bbox 1195 3123 1322 3197; x_wconf 92' lang='lat' dir='ltr'>comiti</span> <span class='ocrx_word' id='word_1_176' title='bbox 1339 3123 1385 3198; x_wconf 93' lang='grc'>16</span> <span class='ocrx_word' id='word_1_177' title='bbox 1409 3124 1568 3199; x_wconf 81' lang='lat' dir='ltr'>Oassillis</span> <span class='ocrx_word' id='word_1_178' title='bbox 1585 3136 1625 3200; x_wconf 92' lang='grc'>61</span> <span class='ocrx_word' id='word_1_179' title='bbox 1641 3124 1787 3199; x_wconf 91' lang='grc'><strong>1616166</strong></span> <span class='ocrx_word' id='word_1_180' title='bbox 1813 3124 2018 3223; x_wconf 87' lang='lat' dir='ltr'>Margarete</span> <span class='ocrx_word' id='word_1_181' title='bbox 2035 3124 2167 3223; x_wconf 91' lang='lat' dir='ltr'>Lyoun</span> 
     </span>
     <span class='ocr_line' id='line_1_20' title="bbox 610 3248 2167 3347; baseline 0.001 -24"><span class='ocrx_word' id='word_1_182' title='bbox 610 3274 675 3323; x_wconf 91' lang='lat' dir='ltr'>sue</span> <span class='ocrx_word' id='word_1_183' title='bbox 705 3273 835 3347; x_wconf 89' lang='lat' dir='ltr'>sponse</span> <span class='ocrx_word' id='word_1_184' title='bbox 870 3273 1066 3347; x_wconf 90' lang='lat' dir='ltr'>eorumque</span> <span class='ocrx_word' id='word_1_185' title='bbox 1095 3248 1201 3323; x_wconf 87' lang='lat' dir='ltr'>alteri</span> <span class='ocrx_word' id='word_1_186' title='bbox 1228 3249 1368 3324; x_wconf 90' lang='lat' dir='ltr'>diutius</span> <span class='ocrx_word' id='word_1_187' title='bbox 1397 3251 1542 3324; x_wconf 90' lang='lat' dir='ltr'>viuenti</span> <span class='ocrx_word' id='word_1_188' title='bbox 1571 3250 1611 3324; x_wconf 92' lang='lat' dir='ltr'>in</span> <span class='ocrx_word' id='word_1_189' title='bbox 1639 3250 1832 3324; x_wconf 87' lang='lat' dir='ltr'>coniuncta</span> <span class='ocrx_word' id='word_1_190' title='bbox 1854 3249 2101 3324; x_wconf 88' lang='lat' dir='ltr'>infeodatione</span> <span class='ocrx_word' id='word_1_191' title='bbox 2129 3261 2167 3325; x_wconf 90' lang='lat' dir='ltr'>et</span> 
     </span>
     <span class='ocr_line' id='line_1_21' title="bbox 610 3373 2166 3472; baseline 0 -22"><span class='ocrx_word' id='word_1_192' title='bbox 610 3400 736 3450; x_wconf 89' lang='lat' dir='ltr'>eorum</span> <span class='ocrx_word' id='word_1_193' title='bbox 769 3374 963 3448; x_wconf 87' lang='lat' dir='ltr'>heredibus</span> <span class='ocrx_word' id='word_1_194' title='bbox 996 3373 1166 3448; x_wconf 86' lang='lat' dir='ltr'>masculis</span> <span class='ocrx_word' id='word_1_195' title='bbox 1199 3376 1409 3472; x_wconf 88' lang='lat' dir='ltr'>prescriptis</span> <span class='ocrx_word' id='word_1_196' title='bbox 1443 3377 1489 3450; x_wconf 93' lang='lat' dir='ltr'>de</span> <span class='ocrx_word' id='word_1_197' title='bbox 1523 3375 1627 3450; x_wconf 90' lang='lat' dir='ltr'>nobis</span> <span class='ocrx_word' id='word_1_198' title='bbox 1662 3387 1701 3451; x_wconf 90' lang='lat' dir='ltr'>et</span> <span class='ocrx_word' id='word_1_199' title='bbox 1733 3375 1998 3450; x_wconf 89' lang='lat' dir='ltr'>successoribus</span> <span class='ocrx_word' id='word_1_200' title='bbox 2031 3377 2166 3450; x_wconf 87' lang='lat' dir='ltr'>nostris</span> 
     </span>
     <span class='ocr_line' id='line_1_22' title="bbox 610 3499 2166 3600; baseline 0.001 -26"><span class='ocrx_word' id='word_1_201' title='bbox 610 3499 804 3575; x_wconf 90' lang='lat' dir='ltr'>abbatibus</span> <span class='ocrx_word' id='word_1_202' title='bbox 821 3525 885 3574; x_wconf 91' lang='grc'>666</span> <span class='ocrx_word' id='word_1_203' title='bbox 903 3499 1219 3574; x_wconf 85' lang='grc'><strong>6616166616161116</strong></span> <span class='ocrx_word' id='word_1_204' title='bbox 1237 3499 1329 3574; x_wconf 89' lang='lat' dir='ltr'>dicti</span> <span class='ocrx_word' id='word_1_205' title='bbox 1356 3503 1568 3576; x_wconf 88' lang='lat' dir='ltr'>monasterii</span> <span class='ocrx_word' id='word_1_206' title='bbox 1584 3503 1624 3575; x_wconf 90' lang='lat' dir='ltr'>in</span> <span class='ocrx_word' id='word_1_207' title='bbox 1640 3502 1844 3576; x_wconf 84' lang='lat' dir='ltr'>feodifirma</span> <span class='ocrx_word' id='word_1_208' title='bbox 1868 3527 1933 3577; x_wconf 91' lang='lat' dir='ltr'>seu</span> <span class='ocrx_word' id='word_1_209' title='bbox 1950 3503 2166 3600; x_wconf 89' lang='lat' dir='ltr'>emphiteosi</span> 
     </span>
     <span class='ocr_line' id='line_1_23' title="bbox 610 3625 2166 3726; baseline 0.003 -27"><span class='ocrx_word' id='word_1_210' title='bbox 610 3626 813 3701; x_wconf 89' lang='lat' dir='ltr'>hereditate</span> <span class='ocrx_word' id='word_1_211' title='bbox 831 3627 1102 3724; x_wconf 90' lang='lat' dir='ltr'>imperpetuum</span> <span class='ocrx_word' id='word_1_212' title='bbox 1152 3625 1225 3700; x_wconf 91' lang='lat' dir='ltr'>Per</span> <span class='ocrx_word' id='word_1_213' title='bbox 1241 3651 1367 3700; x_wconf 91' lang='lat' dir='ltr'>omnes</span> <span class='ocrx_word' id='word_1_214' title='bbox 1389 3638 1506 3702; x_wconf 88' lang='lat' dir='ltr'>rectas</span> <span class='ocrx_word' id='word_1_215' title='bbox 1523 3637 1640 3701; x_wconf 86' lang='lat' dir='ltr'>metas</span> <span class='ocrx_word' id='word_1_216' title='bbox 1665 3653 1749 3702; x_wconf 90' lang='lat' dir='ltr'>suas</span> <span class='ocrx_word' id='word_1_217' title='bbox 1778 3629 1947 3726; x_wconf 88' lang='lat' dir='ltr'>antiquas</span> <span class='ocrx_word' id='word_1_218' title='bbox 1963 3639 2002 3702; x_wconf 90' lang='grc'>61</span> <span class='ocrx_word' id='word_1_219' title='bbox 2029 3628 2166 3704; x_wconf 86' lang='grc'><strong>11111666</strong></span> 
     </span>
     <span class='ocr_line' id='line_1_24' title="bbox 610 3751 2166 3851; baseline 0.001 -25"><span class='ocrx_word' id='word_1_220' title='bbox 610 3763 721 3849; x_wconf 91' lang='lat' dir='ltr'>prout</span> <span class='ocrx_word' id='word_1_221' title='bbox 742 3752 864 3826; x_wconf 91' lang='lat' dir='ltr'>iacent</span> <span class='ocrx_word' id='word_1_222' title='bbox 886 3753 927 3825; x_wconf 92' lang='lat' dir='ltr'>in</span> <span class='ocrx_word' id='word_1_223' title='bbox 943 3751 1173 3851; x_wconf 86' lang='lat' dir='ltr'>longitudine</span> <span class='ocrx_word' id='word_1_224' title='bbox 1198 3763 1237 3827; x_wconf 91' lang='grc'>61</span> <span class='ocrx_word' id='word_1_225' title='bbox 1260 3752 1458 3827; x_wconf 89' lang='lat' dir='ltr'>latitudine</span> <span class='ocrx_word' id='word_1_226' title='bbox 1485 3754 1525 3826; x_wconf 92' lang='lat' dir='ltr'>in</span> <span class='ocrx_word' id='word_1_227' title='bbox 1555 3752 1671 3827; x_wconf 92' lang='lat' dir='ltr'>bostis</span> <span class='ocrx_word' id='word_1_228' title='bbox 1696 3753 1816 3850; x_wconf 91' lang='lat' dir='ltr'>planis</span> <span class='ocrx_word' id='word_1_229' title='bbox 1845 3755 1956 3827; x_wconf 91' lang='lat' dir='ltr'>moris</span> <span class='ocrx_word' id='word_1_230' title='bbox 1985 3753 2166 3827; x_wconf 88' lang='lat' dir='ltr'>mcrresiis</span> 
     </span>
     <span class='ocr_line' id='line_1_25' title="bbox 611 3877 2165 3979; baseline 0.001 -27"><span class='ocrx_word' id='word_1_231' title='bbox 611 3877 779 3953; x_wconf 90' lang='lat' dir='ltr'>domibus</span> <span class='ocrx_word' id='word_1_232' title='bbox 807 3877 958 3952; x_wconf 89' lang='lat' dir='ltr'>edificiis</span> <span class='ocrx_word' id='word_1_233' title='bbox 986 3878 1054 3950; x_wconf 89' lang='lat' dir='ltr'>viis</span> <span class='ocrx_word' id='word_1_234' title='bbox 1082 3877 1222 3952; x_wconf 91' lang='lat' dir='ltr'>semitis</span> <span class='ocrx_word' id='word_1_235' title='bbox 1239 3879 1345 3976; x_wconf 88' lang='lat' dir='ltr'>aquis</span> <span class='ocrx_word' id='word_1_236' title='bbox 1374 3880 1513 3979; x_wconf 86' lang='lat' dir='ltr'>stagnis</span> <span class='ocrx_word' id='word_1_237' title='bbox 1542 3879 1668 3953; x_wconf 90' lang='lat' dir='ltr'>riuolis</span> <span class='ocrx_word' id='word_1_238' title='bbox 1697 3878 1849 3954; x_wconf 90' lang='lat' dir='ltr'>lacubus</span> <span class='ocrx_word' id='word_1_239' title='bbox 1878 3880 1994 3978; x_wconf 90' lang='lat' dir='ltr'>pratis</span> <span class='ocrx_word' id='word_1_240' title='bbox 2021 3879 2165 3976; x_wconf 89' lang='lat' dir='ltr'>pascuis</span> 
     </span>
     <span class='ocr_line' id='line_1_26' title="bbox 611 4003 2165 4103; baseline 0.001 -25"><span class='ocrx_word' id='word_1_241' title='bbox 611 4005 769 4102; x_wconf 87' lang='lat' dir='ltr'>pasturis</span> <span class='ocrx_word' id='word_1_242' title='bbox 786 4003 1004 4078; x_wconf 85' lang='lat' dir='ltr'>molendinis</span> <span class='ocrx_word' id='word_1_243' title='bbox 1021 4003 1192 4078; x_wconf 88' lang='lat' dir='ltr'>multuris</span> <span class='ocrx_word' id='word_1_244' title='bbox 1209 4013 1248 4078; x_wconf 91' lang='grc'>61</span> <span class='ocrx_word' id='word_1_245' title='bbox 1274 4029 1399 4078; x_wconf 91' lang='lat' dir='ltr'>eornm</span> <span class='ocrx_word' id='word_1_246' title='bbox 1415 4004 1570 4103; x_wconf 89' lang='lat' dir='ltr'>sequelis</span> <span class='ocrx_word' id='word_1_247' title='bbox 1587 4004 1890 4102; x_wconf 84' lang='lat' dir='ltr'>aucupationibus</span> <span class='ocrx_word' id='word_1_248' title='bbox 1907 4004 2165 4079; x_wconf 87' lang='lat' dir='ltr'>venationibus</span> 
     </span>
     <span class='ocr_line' id='line_1_27' title="bbox 610 4129 2164 4228; baseline 0.001 -25"><span class='ocrx_word' id='word_1_249' title='bbox 610 4129 871 4228; x_wconf 87' lang='lat' dir='ltr'>piscationibus</span> <span class='ocrx_word' id='word_1_250' title='bbox 888 4129 1038 4228; x_wconf 86' lang='lat' dir='ltr'>petariis</span> <span class='ocrx_word' id='word_1_251' title='bbox 1064 4129 1237 4204; x_wconf 89' lang='lat' dir='ltr'>turbariis</span> <span class='ocrx_word' id='word_1_252' title='bbox 1260 4129 1476 4206; x_wconf 90' lang='lat' dir='ltr'>carbonibus</span> <span class='ocrx_word' id='word_1_253' title='bbox 1494 4130 1712 4205; x_wconf 87' lang='lat' dir='ltr'>carbonariis</span> <span class='ocrx_word' id='word_1_254' title='bbox 1738 4131 1916 4205; x_wconf 90' lang='lat' dir='ltr'>cuniculis</span> <span class='ocrx_word' id='word_1_255' title='bbox 1934 4131 2164 4206; x_wconf 85' lang='lat' dir='ltr'>cuniculariis</span> 
     </span>
     <span class='ocr_line' id='line_1_28' title="bbox 611 4254 2165 4355; baseline 0.001 -26"><span class='ocrx_word' id='word_1_256' title='bbox 611 4254 787 4330; x_wconf 90' lang='lat' dir='ltr'>columbis</span> <span class='ocrx_word' id='word_1_257' title='bbox 805 4255 1034 4330; x_wconf 91' lang='lat' dir='ltr'>columbariis</span> <span class='ocrx_word' id='word_1_258' title='bbox 1052 4255 1241 4330; x_wconf 87' lang='lat' dir='ltr'>fabrilibus</span> <span class='ocrx_word' id='word_1_259' title='bbox 1259 4255 1412 4330; x_wconf 88' lang='lat' dir='ltr'>brasinis</span> <span class='ocrx_word' id='word_1_260' title='bbox 1429 4257 1582 4331; x_wconf 89' lang='lat' dir='ltr'>brueriis</span> <span class='ocrx_word' id='word_1_261' title='bbox 1598 4266 1637 4330; x_wconf 90' lang='grc'>61</span> <span class='ocrx_word' id='word_1_262' title='bbox 1652 4257 1812 4355; x_wconf 89' lang='lat' dir='ltr'>genestis</span> <span class='ocrx_word' id='word_1_263' title='bbox 1825 4256 1940 4354; x_wconf 88' lang='lat' dir='ltr'>syluis</span> <span class='ocrx_word' id='word_1_264' title='bbox 1956 4256 2165 4331; x_wconf 89' lang='lat' dir='ltr'>nemoribus</span> 
     </span>
     <span class='ocr_line' id='line_1_29' title="bbox 611 4381 2164 4481; baseline 0 -25"><span class='ocrx_word' id='word_1_265' title='bbox 611 4392 651 4456; x_wconf 90' lang='grc'>61</span> <span class='ocrx_word' id='word_1_266' title='bbox 676 4382 848 4480; x_wconf 84' lang='lat' dir='ltr'>virgultis</span> <span class='ocrx_word' id='word_1_267' title='bbox 878 4381 987 4480; x_wconf 88' lang='lat' dir='ltr'>lignis</span> <span class='ocrx_word' id='word_1_268' title='bbox 1017 4381 1132 4481; x_wconf 86' lang='lat' dir='ltr'>tignis</span> <span class='ocrx_word' id='word_1_269' title='bbox 1160 4381 1340 4480; x_wconf 90' lang='lat' dir='ltr'>lapicidiis</span> <span class='ocrx_word' id='word_1_270' title='bbox 1368 4381 1490 4481; x_wconf 89' lang='lat' dir='ltr'>lapide</span> <span class='ocrx_word' id='word_1_271' title='bbox 1520 4392 1558 4455; x_wconf 92' lang='lat' dir='ltr'>et</span> <span class='ocrx_word' id='word_1_272' title='bbox 1587 4382 1683 4456; x_wconf 86' lang='lat' dir='ltr'>calce</span> <span class='ocrx_word' id='word_1_273' title='bbox 1712 4407 1796 4456; x_wconf 90' lang='lat' dir='ltr'>cum</span> <span class='ocrx_word' id='word_1_274' title='bbox 1830 4383 1939 4456; x_wconf 90' lang='lat' dir='ltr'>curiis</span> <span class='ocrx_word' id='word_1_275' title='bbox 1973 4392 2012 4456; x_wconf 91' lang='lat' dir='ltr'>et</span> <span class='ocrx_word' id='word_1_276' title='bbox 2040 4409 2164 4456; x_wconf 86' lang='lat' dir='ltr'>earum</span> 
     </span>
     <span class='ocr_line' id='line_1_30' title="bbox 611 4506 2164 4606; baseline 0.003 -26"><span class='ocrx_word' id='word_1_277' title='bbox 611 4506 771 4582; x_wconf 88' lang='lat' dir='ltr'>exitibus</span> <span class='ocrx_word' id='word_1_278' title='bbox 788 4507 986 4581; x_wconf 87' lang='lat' dir='ltr'>herezeldis</span> <span class='ocrx_word' id='word_1_279' title='bbox 1002 4506 1199 4582; x_wconf 89' lang='lat' dir='ltr'>bludwetis</span> <span class='ocrx_word' id='word_1_280' title='bbox 1217 4519 1255 4582; x_wconf 93' lang='grc'>61</span> <span class='ocrx_word' id='word_1_281' title='bbox 1276 4509 1470 4583; x_wconf 88' lang='lat' dir='ltr'>merchetis</span> <span class='ocrx_word' id='word_1_282' title='bbox 1493 4507 1687 4581; x_wconf 91' lang='lat' dir='ltr'>mulierum</span> <span class='ocrx_word' id='word_1_283' title='bbox 1704 4533 1788 4582; x_wconf 94' lang='lat' dir='ltr'>cum</span> <span class='ocrx_word' id='word_1_284' title='bbox 1805 4510 1990 4582; x_wconf 91' lang='lat' dir='ltr'>communi</span> <span class='ocrx_word' id='word_1_285' title='bbox 2014 4519 2164 4606; x_wconf 85' lang='lat' dir='ltr'>pastura</span> 
     </span>
     <span class='ocr_line' id='line_1_31' title="bbox 610 4632 2162 4732; baseline 0.002 -26"><span class='ocrx_word' id='word_1_286' title='bbox 610 4632 725 4707; x_wconf 89' lang='lat' dir='ltr'>libero</span> <span class='ocrx_word' id='word_1_287' title='bbox 741 4634 898 4708; x_wconf 92' lang='lat' dir='ltr'>introitu</span> <span class='ocrx_word' id='word_1_288' title='bbox 916 4644 954 4707; x_wconf 92' lang='grc'>61</span> <span class='ocrx_word' id='word_1_289' title='bbox 972 4633 1075 4707; x_wconf 83' lang='lat' dir='ltr'>exitu</span> <span class='ocrx_word' id='word_1_290' title='bbox 1100 4659 1142 4707; x_wconf 88' lang='lat' dir='ltr'>ac</span> <span class='ocrx_word' id='word_1_291' title='bbox 1160 4660 1243 4708; x_wconf 93' lang='lat' dir='ltr'>cum</span> <span class='ocrx_word' id='word_1_292' title='bbox 1269 4633 1438 4708; x_wconf 92' lang='lat' dir='ltr'>omnibus</span> <span class='ocrx_word' id='word_1_293' title='bbox 1452 4634 1543 4707; x_wconf 86' lang='lat' dir='ltr'>&#39;aliis</span> <span class='ocrx_word' id='word_1_294' title='bbox 1569 4645 1608 4708; x_wconf 91' lang='grc'>61</span> <span class='ocrx_word' id='word_1_295' title='bbox 1634 4634 1787 4732; x_wconf 88' lang='lat' dir='ltr'>singulis</span> <span class='ocrx_word' id='word_1_296' title='bbox 1814 4633 2045 4709; x_wconf 91' lang='lat' dir='ltr'>libertatibus</span> <span class='ocrx_word' id='word_1_297' title='bbox 2068 4661 2162 4710; x_wconf 92' lang='lat' dir='ltr'>com·</span> 
     </span>
     <span class='ocr_line' id='line_1_32' title="bbox 611 4759 2163 4860; baseline 0.002 -28"><span class='ocrx_word' id='word_1_298' title='bbox 611 4759 851 4834; x_wconf 87' lang='lat' dir='ltr'>moditatibus</span> <span class='ocrx_word' id='word_1_299' title='bbox 877 4759 1049 4857; x_wconf 89' lang='lat' dir='ltr'>proficuis</span> <span class='ocrx_word' id='word_1_300' title='bbox 1075 4760 1284 4834; x_wconf 87' lang='lat' dir='ltr'>asiamentis</span> <span class='ocrx_word' id='word_1_301' title='bbox 1312 4785 1354 4834; x_wconf 87' lang='lat' dir='ltr'>ac</span> <span class='ocrx_word' id='word_1_302' title='bbox 1383 4761 1489 4834; x_wconf 90' lang='lat' dir='ltr'>iustis</span> <span class='ocrx_word' id='word_1_303' title='bbox 1519 4760 1595 4833; x_wconf 91' lang='lat' dir='ltr'>suis</span> <span class='ocrx_word' id='word_1_304' title='bbox 1624 4760 1856 4858; x_wconf 87' lang='lat' dir='ltr'>pertinentiis</span> <span class='ocrx_word' id='word_1_305' title='bbox 1887 4760 2163 4860; x_wconf 89' lang='lat' dir='ltr'>quibuscunque</span> 
     </span>
     <span class='ocr_line' id='line_1_33' title="bbox 611 4885 2163 4985; baseline 0.001 -27"><span class='ocrx_word' id='word_1_306' title='bbox 611 4897 689 4958; x_wconf 91' lang='lat' dir='ltr'>tam</span> <span class='ocrx_word' id='word_1_307' title='bbox 704 4912 781 4960; x_wconf 93' lang='lat' dir='ltr'>non</span> <span class='ocrx_word' id='word_1_308' title='bbox 806 4885 1005 4960; x_wconf 88' lang='grc'><strong>6661166116</strong></span> <span class='ocrx_word' id='word_1_309' title='bbox 1031 4911 1141 4984; x_wconf 88' lang='grc'><strong>(16661</strong></span> <span class='ocrx_word' id='word_1_310' title='bbox 1167 4886 1365 4960; x_wconf 87' lang='grc'><strong>6661166116</strong></span> <span class='ocrx_word' id='word_1_311' title='bbox 1381 4897 1459 4960; x_wconf 88' lang='grc'><strong>1616</strong></span> <span class='ocrx_word' id='word_1_312' title='bbox 1485 4885 1615 4960; x_wconf 89' lang='lat' dir='ltr'>subtus</span> <span class='ocrx_word' id='word_1_313' title='bbox 1641 4896 1738 4960; x_wconf 89' lang='lat' dir='ltr'>terra</span> <span class='ocrx_word' id='word_1_314' title='bbox 1754 4910 1865 4985; x_wconf 88' lang='lat' dir='ltr'>quam</span> <span class='ocrx_word' id='word_1_315' title='bbox 1892 4912 2003 4984; x_wconf 88' lang='lat' dir='ltr'>supra</span> <span class='ocrx_word' id='word_1_316' title='bbox 2028 4899 2163 4960; x_wconf 88' lang='lat' dir='ltr'>terram</span> 
     </span>
     <span class='ocr_line' id='line_1_34' title="bbox 610 5011 2162 5111; baseline 0.002 -27"><span class='ocrx_word' id='word_1_317' title='bbox 610 5011 736 5109; x_wconf 87' lang='lat' dir='ltr'>procul</span> <span class='ocrx_word' id='word_1_318' title='bbox 755 5021 793 5085; x_wconf 90' lang='grc'>61</span> <span class='ocrx_word' id='word_1_319' title='bbox 808 5037 921 5110; x_wconf 90' lang='lat' dir='ltr'>prope</span> <span class='ocrx_word' id='word_1_320' title='bbox 938 5011 985 5086; x_wconf 90' lang='lat' dir='ltr'>ad</span> <span class='ocrx_word' id='word_1_321' title='bbox 1011 5011 1193 5109; x_wconf 89' lang='lat' dir='ltr'>predictas</span> <span class='ocrx_word' id='word_1_322' title='bbox 1210 5011 1429 5086; x_wconf 92' lang='lat' dir='ltr'>molendinis</span> <span class='ocrx_word' id='word_1_323' title='bbox 1453 5012 1615 5110; x_wconf 88' lang='lat' dir='ltr'>piscariis</span> <span class='ocrx_word' id='word_1_324' title='bbox 1633 5036 1718 5085; x_wconf 91' lang='lat' dir='ltr'>cum</span> <span class='ocrx_word' id='word_1_325' title='bbox 1738 5013 1972 5109; x_wconf 89' lang='lat' dir='ltr'>pertinentiis</span> <span class='ocrx_word' id='word_1_326' title='bbox 1997 5023 2162 5111; x_wconf 87' lang='grc'><strong>61166166·</strong></span> 
     </span>
     <span class='ocr_line' id='line_1_35' title="bbox 610 5135 2162 5237; baseline 0.003 -27"><span class='ocrx_word' id='word_1_327' title='bbox 610 5135 710 5212; x_wconf 91' lang='lat' dir='ltr'>tibus</span> <span class='ocrx_word' id='word_1_328' title='bbox 727 5162 791 5212; x_wconf 91' lang='lat' dir='ltr'>seu</span> <span class='ocrx_word' id='word_1_329' title='bbox 811 5139 907 5212; x_wconf 87' lang='lat' dir='ltr'>iuste</span> <span class='ocrx_word' id='word_1_330' title='bbox 933 5147 1096 5236; x_wconf 87' lang='lat' dir='ltr'>spectare</span> <span class='ocrx_word' id='word_1_331' title='bbox 1113 5136 1322 5212; x_wconf 90' lang='lat' dir='ltr'>valentibus</span> <span class='ocrx_word' id='word_1_332' title='bbox 1350 5137 1624 5236; x_wconf 87' lang='lat' dir='ltr'>quomodolibet</span> <span class='ocrx_word' id='word_1_333' title='bbox 1640 5137 1680 5211; x_wconf 92' lang='lat' dir='ltr'>in</span> <span class='ocrx_word' id='word_1_334' title='bbox 1702 5137 1872 5213; x_wconf 88' lang='lat' dir='ltr'>futurum</span> <span class='ocrx_word' id='word_1_335' title='bbox 1898 5138 2011 5212; x_wconf 90' lang='lat' dir='ltr'>libere</span> <span class='ocrx_word' id='word_1_336' title='bbox 2039 5140 2162 5237; x_wconf 86' lang='lat' dir='ltr'>quiete</span> 
     </span>
     <span class='ocr_line' id='line_1_36' title="bbox 609 5262 2162 5364; baseline 0.003 -29"><span class='ocrx_word' id='word_1_337' title='bbox 609 5262 770 5360; x_wconf 90' lang='lat' dir='ltr'>plenarie</span> <span class='ocrx_word' id='word_1_338' title='bbox 808 5265 949 5364; x_wconf 88' lang='lat' dir='ltr'>integre</span> <span class='ocrx_word' id='word_1_339' title='bbox 981 5262 1178 5338; x_wconf 90' lang='lat' dir='ltr'>honorifice</span> <span class='ocrx_word' id='word_1_340' title='bbox 1220 5262 1314 5337; x_wconf 88' lang='lat' dir='ltr'>bene</span> <span class='ocrx_word' id='word_1_341' title='bbox 1357 5273 1395 5337; x_wconf 93' lang='grc'>61</span> <span class='ocrx_word' id='word_1_342' title='bbox 1428 5264 1468 5337; x_wconf 91' lang='grc'>16</span> <span class='ocrx_word' id='word_1_343' title='bbox 1510 5289 1598 5361; x_wconf 92' lang='lat' dir='ltr'>pace</span> <span class='ocrx_word' id='word_1_344' title='bbox 1632 5264 1710 5338; x_wconf 89' lang='lat' dir='ltr'>sine</span> <span class='ocrx_word' id='word_1_345' title='bbox 1743 5264 1866 5363; x_wconf 91' lang='lat' dir='ltr'>aliquo</span> <span class='ocrx_word' id='word_1_346' title='bbox 1899 5265 2162 5362; x_wconf 88' lang='lat' dir='ltr'>impedimento</span> 
     </span>
     <span class='ocr_line' id='line_1_37' title="bbox 609 5388 2163 5487; baseline 0.002 -25"><span class='ocrx_word' id='word_1_347' title='bbox 609 5390 838 5463; x_wconf 91' lang='lat' dir='ltr'>reuocatione</span> <span class='ocrx_word' id='word_1_348' title='bbox 857 5389 1143 5464; x_wconf 86' lang='lat' dir='ltr'>contradictione</span> <span class='ocrx_word' id='word_1_349' title='bbox 1161 5399 1226 5463; x_wconf 90' lang='lat' dir='ltr'>aut</span> <span class='ocrx_word' id='word_1_350' title='bbox 1242 5388 1429 5463; x_wconf 92' lang='lat' dir='ltr'>obstaculo</span> <span class='ocrx_word' id='word_1_351' title='bbox 1447 5389 1596 5487; x_wconf 88' lang='lat' dir='ltr'>aliquali</span> <span class='ocrx_word' id='word_1_352' title='bbox 1646 5389 1846 5465; x_wconf 89' lang='lat' dir='ltr'>Reddendo</span> <span class='ocrx_word' id='word_1_353' title='bbox 1866 5390 1953 5464; x_wconf 89' lang='lat' dir='ltr'>inde</span> <span class='ocrx_word' id='word_1_354' title='bbox 1970 5391 2163 5466; x_wconf 88' lang='lat' dir='ltr'>annuatim</span> 
     </span>
     <span class='ocr_line' id='line_1_38' title="bbox 610 5513 2162 5615; baseline 0.003 -27"><span class='ocrx_word' id='word_1_355' title='bbox 610 5513 766 5613; x_wconf 87' lang='lat' dir='ltr'>predicti</span> <span class='ocrx_word' id='word_1_356' title='bbox 783 5514 969 5589; x_wconf 84' lang='lat' dir='ltr'>Gilbertus</span> <span class='ocrx_word' id='word_1_357' title='bbox 987 5540 1106 5589; x_wconf 89' lang='lat' dir='ltr'>comes</span> <span class='ocrx_word' id='word_1_358' title='bbox 1123 5515 1169 5589; x_wconf 91' lang='lat' dir='ltr'>de</span> <span class='ocrx_word' id='word_1_359' title='bbox 1187 5514 1348 5589; x_wconf 83' lang='lat' dir='ltr'>Cassillis</span> <span class='ocrx_word' id='word_1_360' title='bbox 1366 5525 1403 5589; x_wconf 90' lang='lat' dir='ltr'>et</span> <span class='ocrx_word' id='word_1_361' title='bbox 1420 5515 1569 5589; x_wconf 89' lang='lat' dir='ltr'>domina</span> <span class='ocrx_word' id='word_1_362' title='bbox 1584 5514 1794 5615; x_wconf 87' lang='lat' dir='ltr'>Margareta</span> <span class='ocrx_word' id='word_1_363' title='bbox 1810 5515 1930 5591; x_wconf 88' lang='lat' dir='ltr'>Lioun</span> <span class='ocrx_word' id='word_1_364' title='bbox 1946 5542 2013 5592; x_wconf 88' lang='grc'>666</span> <span class='ocrx_word' id='word_1_365' title='bbox 2029 5542 2162 5615; x_wconf 89' lang='lat' dir='ltr'>sponsa</span> 
     </span>
    </p>
   </div>
   <div class='ocr_carea' id='block_1_4' title="bbox 0 0 2580 6677">
    <p class='ocr_par' dir='ltr' id='par_1_4' title="bbox 0 0 2580 6677">
     <span class='ocr_line' id='line_1_39' title="bbox 0 0 2580 6677; baseline 0 0"><span class='ocrx_word' id='word_1_366' title='bbox 0 0 2580 6677; x_wconf 95' lang='lat' dir='ltr'> </span> 
     </span>
    </p>
   </div>
  </div>
 </body>
</html>
