5150 6684
678 776 896 840 CHARTERS
928 776 981 840 OF
1012 777 1097 838 THE
1127 776 1265 838 ABBEY
1296 776 1350 838 OF
1380 776 1663 840 OROSRAGUEL
1907 781 1947 840 39

397 965 540 1039 comitis
574 964 620 1038 de
654 964 813 1039 Oassillis
849 964 1000 1038 masculi
1041 964 1232 1062 prescripti
1275 963 1495 1061 duplicando
1530 964 1666 1038 dietam
1700 961 1946 1037 feudifirmam

395 1091 641 1187 pecuniariam
669 1090 788 1188 primo
820 1116 916 1164 anno
946 1091 1119 1163 introitus
1150 1089 1344 1163 cuiuslibet
1377 1089 1521 1163 heredis
1556 1090 1604 1164 ad
1637 1090 1797 1188 prefatas
1829 1100 1944 1165 terras

396 1217 647 1290 molendinum
672 1241 756 1290 cum
780 1215 997 1290 carbonariis
1023 1225 1061 1289 et
1085 1216 1247 1314 piscariis
1273 1215 1467 1289 antedictis
1496 1216 1614 1313 primo
1645 1241 1740 1289 anno
1772 1217 1945 1290 introitus

397 1342 592 1416 cuiuslibet
616 1341 759 1415 heredis
783 1351 893 1440 prout
919 1367 1006 1414 vsus
1032 1351 1087 1415 est
1113 1341 1316 1415 feudifirme
1343 1351 1488 1414 tantum
1539 1341 1611 1415 Pro
1629 1342 1729 1415 omni
1748 1341 1818 1414 alio
1836 1367 1944 1415 onere

396 1468 584 1542 exactione
601 1468 790 1568 questione
808 1467 987 1541 demanda
1014 1493 1078 1540 seu
1106 1468 1254 1541 seruitio
1283 1467 1434 1541 seculari
1462 1492 1533 1565 que
1563 1467 1608 1540 de
1635 1467 1809 1566 predictis
1838 1468 1944 1542 terris

395 1594 518 1668 firmas
535 1593 762 1668 soluentibus
788 1593 1008 1668 habentibus
1034 1594 1191 1668 decimas
1218 1593 1413 1667 earundem
1440 1593 1480 1667 in
1509 1594 1653 1667 easdem
1679 1594 1836 1667 inclusas
1865 1604 1944 1667 tam

395 1745 461 1818 pro
479 1720 628 1793 decimis
654 1746 764 1818 quam
789 1746 854 1819 pro
881 1719 994 1792 firmis
1021 1745 1062 1793 ac
1087 1745 1152 1817 pro
1179 1719 1258 1792 aliis
1284 1719 1390 1792 terris
1416 1719 1610 1816 pecuniam
1635 1719 1862 1793 soluentibus
1879 1745 1945 1817 per

395 1871 628 1944 quoscunque
653 1847 749 1919 iuste
776 1846 873 1944 exigi
902 1846 1065 1943 poterint
1094 1844 1366 1943 quomodolibet
1397 1844 1456 1917 vel
1485 1845 1620 1942 requiri
1681 1844 1731 1917 Et
1760 1870 1827 1918 nos
1856 1871 1942 1918 vero

394 1972 557 2070 prefatus
587 1971 740 2046 Allanus
775 1970 930 2045 Stewart
965 1971 1292 2045 commendatarius
1326 1970 1371 2042 de
1403 1969 1629 2068 Crosraguell
1663 1970 1871 2044 antedictus
1901 1996 1943 2044 ac

394 2108 596 2172 conventus
630 2096 791 2171 eiusdem
821 2109 859 2171 et
891 2123 1112 2172 successores
1142 2097 1258 2170 nostri
1289 2106 1386 2169 totas
1415 2106 1452 2169 et
1479 2096 1640 2195 integras
1673 2097 1943 2193 prenominatas

394 2233 509 2298 terras
527 2250 610 2298 cum
627 2223 846 2297 molendinis
873 2223 1044 2297 multuris
1062 2249 1102 2296 ac
1130 2222 1270 2320 prefata
1297 2222 1497 2320 piscatione
1523 2248 1616 2320 aque
1643 2222 1688 2296 de
1715 2223 1883 2296 Garvane
1901 2250 1943 2297 ac

394 2348 474 2422 aliis
500 2349 575 2422 suis
600 2349 832 2448 pertinentiis
858 2359 896 2422 et
926 2349 1080 2447 sequelis
1110 2348 1385 2447 quibuscunque
1416 2374 1499 2421 cum
1530 2348 1748 2422 carbonariis
1778 2350 1943 2446 superius

395 2475 612 2573 expressatis
637 2477 794 2549 iacentes
811 2476 851 2548 in
868 2475 1057 2573 regalitate
1082 2484 1207 2548 nostra
1232 2474 1278 2548 de
1304 2473 1530 2572 Crosraguell
1556 2473 1734 2547 balliuatu
1752 2474 1797 2548 de
1816 2475 1943 2548 Carrik

395 2601 489 2675 infra
505 2601 802 2676 vicecomitatum
820 2600 865 2674 de
881 2601 949 2674 Air
966 2601 1063 2674 dicto
1082 2600 1247 2674 Gilberto
1274 2601 1396 2673 comiti
1424 2598 1469 2672 de
1496 2599 1656 2673 Cassilhs
1684 2610 1721 2673 et
1748 2599 1942 2674 heredibus

394 2727 563 2800 masculis
597 2727 643 2801 de
676 2752 821 2825 corpore
863 2752 928 2800 suo
971 2726 1151 2826 legittime
1193 2727 1389 2824 procreatis
1432 2751 1496 2798 seu
1538 2725 1767 2822 procreandis
1809 2726 1943 2825 quibus

394 2851 646 2928 deficientibus
663 2851 856 2926 heredibus
873 2853 947 2925 suis
964 2851 1132 2925 masculis
1150 2852 1426 2950 quibuscunque
1443 2851 1482 2924 in
1500 2850 1668 2924 omnibus
1686 2861 1724 2924 et
1740 2877 1805 2950 per
1822 2853 1944 2926 omnia

393 2977 510 3051 forma
525 2979 660 3076 pariter
677 2988 715 3051 et
732 2977 863 3051 effectu
881 2987 924 3050 vt
940 2977 1156 3074 premissum
1175 2988 1230 3051 est
1256 2989 1383 3051 contra
1409 3002 1535 3050 omnes
1560 2978 1731 3050 mortales
1756 2979 1942 3051 warranti-

394 3103 556 3178 zabimus
599 3103 885 3201 acquietabimus
919 3113 957 3176 et
990 3103 1260 3201 imperpetuum
1303 3102 1539 3178 defendemus
1582 3103 1757 3191 Quocirca
1799 3103 1942 3178 dilectis

393 3229 528 3303 nostris
546 3229 703 3329 Georgio
729 3228 913 3323 Kennedy
930 3229 1097 3302 seruitori
1115 3229 1205 3303 dicti
1222 3229 1366 3302 comitis
1402 3285 1410 3302 .
1450 3287 1458 3302 .
1497 3287 1505 3303 .
1545 3288 1553 3304 .
1595 3239 1633 3302 et
1650 3255 1774 3303 eorum
1791 3230 1942 3304 cuilibet

392 3355 537 3429 balliuis
554 3355 688 3429 nostris
705 3355 745 3427 in
762 3355 829 3428 hac
846 3365 951 3453 parte
969 3355 1172 3453 specialiter
1189 3355 1401 3428 constitutis
1418 3353 1574 3429 salutem
1590 3354 1705 3429 Vobis
1722 3366 1760 3428 et
1778 3366 1941 3429 vestrum

393 3481 544 3556 cuilibet
571 3481 795 3554 coniunctim
812 3490 850 3554 et
873 3480 1021 3554 diuisim
1037 3481 1257 3578 precipimus
1284 3491 1321 3554 et
1346 3479 1500 3554 firmiter
1522 3479 1737 3554 mandamus
1761 3492 1942 3578 quatenus

392 3607 482 3681 visis
520 3606 750 3705 presentibus
787 3605 940 3680 indilate
983 3617 1122 3680 statum
1164 3606 1322 3688 sasinam
1363 3604 1620 3679 hereditariam
1662 3607 1869 3704 pariterque
1903 3619 1942 3681 et

392 3733 655 3832 possessionem
698 3731 918 3830 corporalem
961 3733 1140 3807 actualem
1182 3742 1221 3805 et
1262 3731 1396 3805 realem
1438 3741 1601 3806 totarum
1639 3741 1677 3807 et
1715 3733 1941 3832 integrarum

391 3858 613 3957 prefatarum
644 3857 762 3931 decim
790 3857 1005 3931 libratarum
1035 3868 1215 3931 terrarum
1245 3857 1292 3931 de
1321 3857 1587 3957 Drumgarloch
1616 3882 1700 3931 cum
1730 3859 1940 3934 molendino

393 3984 437 4058 de
472 3982 738 4083 Drumgarloch
779 3985 887 4056 terris
930 3982 1204 4057 molendinariis
1246 3983 1405 4056 astrictis
1447 3983 1619 4056 multuris
1661 4010 1702 4057 66
1746 3985 1826 4058 61116
1865 3986 1940 4059 suis

390 4111 622 4209 pertinentiis
665 4135 706 4184 ac
749 4119 910 4183 totarum
954 4119 992 4182 et
1034 4109 1258 4210 integrarum
1306 4108 1528 4206 prolatarum
1573 4120 1655 4182 octo
1698 4119 1938 4183 marcatarum

390 4247 569 4310 terrarum
598 4235 644 4310 de
674 4234 868 4309 Balchristi
898 4235 1063 4323 Quatuor
1096 4245 1338 4310 marcatarum
1372 4244 1552 4307 terrarum
1587 4233 1862 4326 dominicalium
1893 4235 1938 4310 de

392 4359 616 4459 Orosraguell
659 4386 742 4434 cum
785 4359 995 4434 molendino
1039 4371 1168 4434 vacato
1211 4359 1462 4434 molendinum
1505 4359 1655 4433 Cenobii
1696 4385 1760 4433 sex
1802 4386 1938 4434 merca-

391 4497 511 4560 tarum
544 4497 724 4560 terrarum
759 4485 804 4559 de
839 4486 960 4560 Eister
993 4485 1181 4584 Dunheyn
1216 4512 1257 4559 ac
1291 4496 1449 4584 quatuor
1482 4496 1723 4558 marcatarum
1756 4495 1937 4560 terrarum

391 4612 436 4687 de
479 4610 733 4686 Mochremhill
775 4611 919 4685 Novem
960 4621 1201 4686 marcatarum
1245 4622 1423 4684 terrarum
1466 4611 1511 4684 de
1554 4610 1831 4684 Brownistoune
1873 4637 1938 4685 sex

390 4749 631 4812 marcatarum
672 4748 851 4810 terrarum
894 4736 939 4810 de
982 4736 1119 4811 Westir
1160 4736 1349 4835 Dunheyn
1384 4762 1447 4810 sex
1482 4747 1723 4809 marcatarum
1758 4746 1937 4810 terrarum

389 4874 567 4937 terrarum
586 4860 667 4960 (sic)
687 4863 732 4936 de
756 4862 1030 4936 Auchnauchtis
1057 4873 1213 4960 quatuor
1237 4872 1480 4935 marcatarum
1505 4871 1683 4934 terrarum
1708 4861 1754 4934 de
1779 4861 1936 4936 Balhen·

389 5015 483 5086 naye
510 4989 786 5088 Quinquaginta
816 4987 1052 5061 solidatamm
1078 4997 1256 5060 terrarum
1282 4985 1328 5060 de
1356 4986 1518 5085 Cragoch
1546 5012 1628 5059 cum
1656 4986 1864 5060 carbonario
1890 4987 1937 5063 de

390 5114 645 5189 Halhallowlie
680 5113 933 5188 Oaimistoune
964 5123 1001 5187 et
1031 5112 1183 5186 Knohin
1216 5123 1375 5186 marcate
1405 5121 1500 5185 terre
1531 5111 1577 5185 de
1606 5111 1808 5185 Knokbrek
1838 5113 1937 5212 apud

390 5239 576 5314 ecclesiam
594 5239 639 5313 de
665 5238 873 5314 Straitoune
901 5237 1151 5337 Quadraginta
1178 5237 1415 5312 solidatorum
1440 5247 1619 5311 terrarum
1646 5236 1691 5311 de
1715 5237 1936 5312 M‘Gownis·

388 5376 501 5440 toune
527 5366 582 5439 Ac
608 5364 724 5438 decim
753 5363 988 5439 solidatorum
1015 5374 1193 5437 terrarum
1220 5362 1266 5436 de
1293 5362 1644 5436 Maltmaunistoune
1673 5363 1870 5437 iacentium
1896 5365 1936 5437 in

387 5493 579 5592 regalitate
604 5491 650 5566 de
676 5490 902 5590 Crosraguell
927 5489 1107 5564 balliuatu
1133 5489 1179 5564 de
1205 5489 1333 5564 Camil<
1357 5488 1454 5563 infra
1477 5489 1773 5563 vicecomitatum
1798 5487 1844 5563 de
1868 5489 1936 5564 Air
