5150 6684
682 807 902 872 OHARTERS
934 807 987 872 OF
1017 807 1102 870 THE
1131 805 1271 868 ABBEY
1301 807 1354 869 OF
1384 806 1666 870 CROSRAGUEL
1908 812 1948 874 37

401 995 511 1070 Totas
545 1005 584 1069 et
616 995 778 1095 integras
811 993 972 1094 prefatas
1005 1019 1070 1068 sex
1104 1004 1282 1068 marcatas
1324 1004 1502 1068 terrarum
1536 994 1581 1069 16
1615 995 1729 1069 Ε16111
1761 995 1948 1093 Dunheyn

402 1122 567 1210 Quatuor
587 1132 765 1195 marcatas
790 1132 968 1196 terrarum
994 1120 1040 1195 16
1065 1120 1319 1194 Mochremhill
1344 1119 1487 1194 Nouem
1512 1132 1690 1195 marcatas
1705 1131 1884 1195 terrarum
1902 1121 1947 1196 de

401 1247 676 1321 Brownistoune
706 1273 771 1321 sex
799 1257 978 1322 marcatas
1007 1258 1187 1320 terrarum
1217 1245 1263 1320 de
1293 1245 1431 1320 Westir
1459 1245 1648 1344 Dunheyn
1677 1272 1740 1320 sex
1770 1258 1946 1321 marcatas

293 1383 296 1389 '
401 1385 579 1448 terrarum
596 1374 641 1448 de
658 1373 934 1447 Auchnauchtis
961 1372 1126 1461 Quatuor
1150 1381 1328 1446 116166166
1353 1382 1531 1446 terrarum
1548 1371 1593 1446 de
1611 1372 1825 1471 Balkennay
1842 1374 1946 1471 quin·

400 1499 577 1599 quaginta
610 1499 782 1574 solidatas
816 1510 995 1573 terrarum
1029 1499 1074 1572 16
1110 1496 1272 1596 Oragoch
1315 1496 1569 1572 Oairnistoune
1603 1509 1642 1572 et
1675 1497 1828 1572 Knolrin
1862 1525 1946 1573 cum

400 1625 607 1699 carbonario
625 1625 821 1699 earundem
837 1635 967 1698 vocato
986 1623 1236 1698 carbonarium
1254 1622 1300 1696 (16
1316 1622 1544 1696 Alhallowlie
1569 1622 1770 1697 Maroatam
1786 1635 1881 1698 terre
1899 1624 1946 1698 de

400 1749 601 1825 Knokbrek
618 1750 717 1849 apud
734 1750 920 1824 6661661611
937 1750 983 1824 16
1001 1750 1211 1825 Straitoune
1230 1748 1481 1848 Quadraginta
1505 1748 1679 1823 solidatas
1703 1762 1882 1824 terrarum
1899 1750 1945 1825 de

399 1875 714 1951 M‘Gowinstoune
749 1876 867 1950 decim
906 1876 1079 1950 solidatas
1121 1887 1299 1949 terrarum
1334 1874 1379 1948 de
1413 1874 1767 1950 Maltmannistoune
1801 1877 1945 1975 antiqui

399 2011 569 2076 extentus
586 2027 744 2076 vnacum
761 2001 861 2076 dicta
885 2002 1039 2100 piscaria
1063 2001 1236 2075 introitus
1262 2025 1304 2074 66
1329 2000 1401 2074 oris
1426 2026 1520 2099 aque
1546 2001 1592 2075 de
1620 2001 1787 2076 Garvane
1804 2028 1847 2076 66
1863 2003 1944 2076 aliis

399 2128 472 2201 suis
489 2129 721 2226 pertinentiis
746 2128 1022 2228 quibuscunque
1047 2127 1206 2201 iacentes
1231 2127 1271 2200 in
1296 2127 1487 2225 regalitate
1512 2137 1637 2201 nostra
1653 2126 1698 2202 16
1717 2128 1943 2228 Orosraguell

397 2252 574 2328 balliuatu
605 2253 650 2327 de
681 2253 807 2329 0611111
840 2253 936 2327 infra
964 2253 1259 2328 vicecomitatum
1289 2251 1335 2325 de
1364 2252 1432 2326 Air
1461 2252 1558 2326 dicto
1588 2253 1702 2327 nobili
1732 2266 1770 2328 et
1799 2255 1944 2353 potenti

398 2377 544 2452 domino
562 2378 728 2453 Gilberto
745 2380 870 2454 comiti
888 2379 934 2453 de
952 2379 1111 2454 Cassillis
1139 2389 1176 2452 61
1203 2377 1397 2452 heredibus
1424 2378 1499 2452 suis
1526 2379 1695 2453 masculis
1722 2379 1768 2453 de
1796 2406 1943 2478 corpore

395 2529 461 2578 616
477 2505 658 2602 legittime
674 2506 871 2603 procreatis
888 2531 952 2579 661
969 2503 1199 2603 procreandis
1219 2502 1353 2602 quibus
1379 2503 1631 2579 deficientibus
1655 2505 1849 2579 heredibus
1867 2507 1942 2579 suis

397 2631 566 2704 masculis
596 2630 873 2731 quibuscunque
903 2631 949 2704 16
978 2631 1084 2705 nobis
1115 2640 1153 2704 et
1186 2629 1449 2704 successoribus
1482 2631 1616 2704 nostris
1649 2630 1844 2706 abbatibus
1877 2657 1942 2706 seu

397 2755 713 2830 commendatariis
743 2756 833 2830 dicti
862 2756 1073 2830 monasterii
1102 2755 1142 2829 in
1171 2754 1374 2830 feodifirma
1402 2781 1467 2828 seu
1497 2755 1712 2853 emphiteosi
1741 2757 1943 2832 hereditate

397 2881 667 2980 imperpetuum
709 2882 781 2956 Per
798 2907 922 2956 omnes
939 2891 1055 2956 166166
1072 2891 1188 2955 metas
1205 2907 1289 2955 6166
1305 2881 1473 2979 antiquas
1491 2892 1529 2954 et
1546 2881 1682 2956 diuisas
1698 2893 1808 2981 prout
1824 2884 1943 2958 iacent

396 3007 436 3080 in
454 3006 684 3106 longitudine
702 3019 739 3082 61
754 3007 951 3082 latitudine
974 3006 1142 3080 domibus
1168 3005 1318 3080 edificiis
1343 3007 1460 3080 boscis
1484 3007 1603 3104 planis
1627 3009 1737 3081 moris
1762 3011 1943 3084 murresiis

396 3133 466 3205 viis
483 3133 622 3208 semitis
639 3133 743 3232 aquis
760 3133 900 3232 stagnis
917 3132 1042 3206 riuolis
1058 3132 1209 3206 lacubus
1234 3132 1349 3229 pratis
1373 3132 1516 3230 pascuis
1541 3134 1699 3231 pasturis
1724 3134 1942 3209 molendinis

396 3258 567 3333 multuris
602 3269 639 3332 61
674 3284 799 3334 eorum
842 3259 996 3357 sequelis
1038 3257 1341 3356 aucupationibus
1382 3258 1640 3332 venationibus
1682 3259 1942 3357 piscationibus

395 3383 544 3481 petariis
578 3384 750 3458 turbariis
784 3384 999 3458 carbonibus
1034 3383 1252 3458 carbonariis
1291 3383 1468 3458 cuniculis
1502 3384 1732 3460 cuniculariis
1766 3387 1943 3461 columbis

396 3507 625 3583 columbariis
658 3509 847 3584 fabrilibus
881 3510 1036 3584 brasinis
1069 3509 1221 3584 brueriis
1256 3521 1295 3584 et
1327 3511 1488 3609 genestis
1521 3510 1637 3608 syluis
1666 3512 1875 3586 nemoribus
1904 3525 1943 3587 61

395 3634 565 3734 virgultis
582 3634 694 3734 lignis
709 3635 823 3734 tignis
839 3635 1018 3733 lapicidiis
1035 3634 1155 3733 lapide
1173 3646 1211 3708 et
1229 3635 1325 3708 66166
1343 3660 1426 3709 cum
1452 3636 1560 3709 curiis
1577 3645 1616 3709 61
1632 3661 1757 3710 earum
1782 3638 1942 3713 exitibus

395 3760 591 3834 herezeldis
608 3759 824 3835 bludewetis
842 3773 880 3836 et
896 3760 1090 3835 merchetis
1116 3760 1311 3834 mulierum
1336 3786 1420 3834 oum
1445 3762 1630 3835 communi
1654 3773 1804 3860 pastura
1827 3763 1941 3838 libero

395 3887 549 3961 introitu
570 3898 608 3960 61
631 3887 735 3961 exitu
760 3912 802 3960 ac
829 3913 912 3960 cum
938 3886 1108 3960 omnibus
1136 3887 1215 3960 aliis
1243 3897 1280 3960 61
1308 3887 1460 3985 singulis
1485 3887 1717 3962 libertatibus
1743 3889 1939 3963 commodi-

394 4012 534 4087 tatibus
560 4013 731 4112 proficuis
760 4012 970 4086 asiamentis
997 4037 1038 4086 ac
1065 4013 1172 4085 iustis
1200 4011 1275 4084 suis
1301 4013 1533 4110 pertinentiis
1560 4013 1835 4114 quibuscunque
1861 4025 1940 4088 tam

394 4163 469 4212 non
485 4139 682 4212 nominatis
700 4163 810 4236 quam
826 4139 1023 4212 nominatis
1040 4148 1117 4212 tam
1134 4137 1265 4211 subtus
1290 4148 1388 4212 terra
1412 4164 1522 4236 quam
1539 4164 1648 4236 supra
1663 4150 1799 4213 terram
1815 4141 1940 4237 procul

394 4274 432 4338 61
444 4289 556 4363 prope
569 4263 615 4338 ad
627 4263 808 4363 predictas
820 4274 935 4337 terras
948 4263 1165 4337 molendinis
1178 4263 1339 4361 piscariis
1352 4287 1435 4336 cum
1448 4263 1678 4361 pertinentiis
1690 4265 1940 4362 spectantibus
1967 4242 1976 4259 x

395 4415 458 4463 seu
475 4390 571 4464 iuste
589 4400 751 4488 spectare
767 4389 971 4463 valentibus
985 4388 1257 4488 quomodolibet
1272 4389 1313 4462 in
1330 4389 1496 4462 futurum
1511 4389 1624 4463 libere
1641 4390 1763 4487 quiete
1780 4390 1940 4488 plenarie

394 4515 535 4615 integre
560 4515 756 4589 honorifice
785 4514 878 4589 bene
908 4515 1013 4588 etin
1043 4540 1132 4613 pace
1161 4515 1239 4588 6116
1269 4515 1390 4613 aliquo
1419 4513 1681 4613 impedimento
1710 4516 1940 4590 reuocatione

394 4641 679 4715 contradictione
713 4650 779 4714 aut
812 4640 998 4714 obstaculo
1033 4639 1182 4737 aliquali
1248 4638 1471 4714 1161161161
1504 4640 1591 4714 inde
1624 4641 1814 4714 annuatim
1849 4642 1939 4715 dicti

394 4765 578 4842 Gilbcrtus
613 4792 732 4841 comes
763 4765 808 4839 de
838 4763 998 4840 Oassillis
1029 4775 1067 4840 et
1096 4765 1245 4839 heredes
1275 4765 1332 4839 sui
1362 4765 1515 4839 masculi
1548 4767 1738 4864 prescripti
1766 4767 1872 4841 nobis
1902 4777 1940 4841 61

392 4892 655 4966 successoribus
672 4892 805 4966 nostris
822 4891 1015 4965 abbatibus
1032 4916 1096 4964 seu
1113 4891 1430 4965 commendatariis
1447 4890 1579 4989 prefati
1597 4893 1806 4966 monasterii
1822 4894 1939 4967 nostri

393 5042 563 5092 eorumve
593 5017 796 5091 camerariis
822 5027 859 5090 et
883 5016 1081 5090 factoribus
1108 5041 1174 5114 pro
1201 5016 1310 5090 dictis
1337 5017 1443 5090 terris
1471 5016 1517 5090 de
1543 5016 1828 5116 Drumgarloche
1855 5044 1939 5092 cum

392 5143 601 5217 molendino
635 5142 833 5217 earundem
866 5142 972 5217 terris
1005 5141 1277 5216 molendinariis
1312 5142 1471 5216 astrictis
1504 5142 1676 5216 multuris
1711 5154 1749 5217 et
1783 5144 1939 5243 sequelis

392 5278 541 5343 centum
567 5279 605 5342 et
622 5269 757 5368 viginti
782 5278 940 5366 quatuor
964 5267 1080 5342 bollas
1105 5266 1221 5342 farine
1247 5269 1435 5342 avenatice
1460 5267 1617 5367 triginta
1633 5294 1697 5342 sex
1713 5269 1829 5343 bellas
1846 5270 1939 5345 ordii

433 5444 445 5483 1
466 5446 555 5502 These
580 5445 797 5502 “reddendoes”
822 5445 923 5501 should
947 5445 981 5500 be
1008 5444 1142 5518 carefully
1191 5450 1220 5500 16
1234 5445 1282 5500 the
1296 5445 1406 5501 ancient
1419 5451 1537 5500 customs
1555 5446 1611 5501 and
1632 5453 1743 5503 tenures
1763 5447 1794 5503 of
1812 5447 1859 5505 the
1873 5455 1941 5505 west

392 5541 511 5598 studied.
554 5541 689 5614 Theyare
703 5539 912 5612 animmensely
923 5537 1049 5595 valuable
1058 5540 1140 5610 gulde
1190 5545 1316 5610 country.
