5150 6684
612 783 651 842 36
892 777 1111 840 CHARTERS
1142 776 1195 839 OF
1225 776 1311 839 THE
1340 777 1478 839 ABBEY
1509 777 1561 840 OF
1592 776 1876 843 GROSRAGUEL.

610 964 752 1039 firmam
783 963 1021 1038 suadentibus
1050 963 1228 1036 maiorum
1258 963 1440 1037 institutis
1470 963 1669 1038 locaremus
1729 963 1918 1038 Noueritis
1948 964 2062 1063 igitur
2090 986 2158 1037 nos

610 1091 777 1187 unanimi
805 1115 980 1164 consensu
1008 1100 1045 1162 et
1070 1115 1217 1163 assensu
1245 1088 1387 1162 adhoc
1415 1089 1662 1187 capitulariter
1689 1091 1900 1189 congregati
1924 1091 2158 1187 1111116166116

611 1227 737 1291 nostra
767 1241 808 1289 ac
838 1217 953 1289 nostri
983 1217 1193 1289 monasterii
1223 1215 1461 1314 diligentibus
1487 1215 1704 1290 tractatibus
1731 1241 1772 1290 ac
1806 1217 1959 1290 maturis
1986 1214 2159 1289 delibera-

613 1342 775 1415 tionibus
808 1341 1009 1439 prehabitis
1042 1367 1083 1414 ac
1117 1366 1182 1438 pro
1217 1343 1360 1440 magnis
1398 1342 1635 1438 pecuniarum
1669 1343 1821 1416 summis
1850 1342 1956 1416 nobis
1990 1367 2031 1415 ac
2061 1341 2159 1415 dicto
2205 1331 2208 1336 ¹

612 1477 736 1541 nostro
754 1467 953 1541 conventui
969 1467 1038 1540 1166
1056 1477 1218 1564 tempore
1235 1467 1409 1540 tribulato
1432 1468 1625 1565 persolutis
1650 1494 1716 1565 per
1740 1468 1899 1542 nobilem
1917 1478 1955 1541 et
1970 1477 2159 1565 potentem

613 1593 802 1666 dominum
828 1592 1034 1666 Gilbertum
1052 1594 1223 1666 comitem
1240 1592 1285 1666 de
1304 1592 1463 1667 066611116
1480 1593 1525 1666 (16
1543 1593 1676 1691 quibus
1701 1605 1869 1668 tenemus
1886 1619 1952 1666 nos
1969 1602 2160 1666 contentos

612 1729 651 1793 et
684 1719 822 1791 solutos
857 1717 998 1791 dedisse
1032 1718 1229 1792 concessise
1264 1718 1473 1792 arrendasse
1506 1719 1640 1792 locasse
1671 1729 1709 1792 et
1743 1719 1790 1792 ad
1823 1717 2065 1791 feudifirmam
2096 1743 2160 1791 seu

614 1845 869 1942 emphiteosim
895 1842 1157 1917 hereditaream
1186 1869 1253 1942 pro
1282 1854 1458 1942 perpetuo
1488 1843 1674 1918 demisisse
1705 1855 1743 1918 et
1765 1842 1841 1917 ,1166
1870 1844 2033 1942 presenti
2061 1854 2161 1916 carta

614 1979 739 2043 nostra
769 1968 998 2042 confirmasse
1029 1994 1169 2042 necnon
1200 1969 1285 2042 dare
1315 1970 1509 2042 concedere
1539 1969 1729 2044 arcendare
1758 1969 1875 2043 locare
1907 1979 1944 2043 et
1971 1969 2017 2042 ad
2044 1968 2161 2043 feudi-

612 2094 755 2168 firmam
790 2120 854 2167 seu
889 2093 1144 2192 emphiteosim
1187 2094 1448 2168 hereditaream
1481 2120 1547 2192 pro
1581 2107 1757 2194 perpetuo
1792 2096 1985 2169 demittere
2020 2105 2058 2168 et
2092 2092 2160 2168 hac

614 2221 773 2318 presenti
791 2229 890 2292 66116
907 2230 1031 2293 nostra
1049 2218 1259 2293 confirmare
1285 2220 1425 2317 prefato
1450 2221 1565 2294 nobili
1590 2231 1628 2295 et
1652 2221 1797 2319 potenti
1822 2220 1969 2293 domino
1995 2219 2160 2293 Gilberto

615 2347 740 2419 comiti
757 2346 802 2419 de
820 2345 980 2419 066611116
1003 2345 1197 2419 heredibus
1213 2347 1289 2418 suis
1306 2357 1343 2419 et
1360 2347 1552 2446 assignatis
1577 2346 1793 2420 hereditarie
1818 2346 1929 2419 Totas
1946 2355 1984 2420 et
2000 2346 2161 2444 integras

615 2481 757 2546 nostras
784 2470 900 2544 decim
927 2481 1104 2544 marcatas
1132 2481 1310 2544 terrarum
1340 2473 1482 2571 antiqui
1509 2482 1682 2546 extentus
1712 2471 1758 2545 de
1785 2470 2050 2570 Dmmgarloch
2078 2497 2161 2544 cum

616 2597 823 2671 molendino
841 2596 886 2670 de
911 2596 1176 2695 Dmmgarloch
1200 2597 1307 2670 terris
1332 2597 1602 2671 molendinariis
1628 2599 1786 2671 astrictis
1811 2596 1982 2670 multuris
2007 2597 2162 2696 sequelis

615 2749 656 2796 66
684 2722 764 2796 61116
793 2723 867 2795 6616
895 2723 1126 2820 pertinentiis
1153 2722 1429 2822 quibuscunque
1458 2748 1500 2796 ac
1529 2734 1626 2797 totas
1654 2734 1692 2796 et
1719 2723 1880 2822 integras
1909 2733 2052 2796 nostras
2079 2734 2162 2796 octo

615 2858 792 2922 marcatas
809 2858 989 2921 terrarum
1013 2847 1058 2921 de
1084 2848 1277 2921 Balchristi
1303 2859 1459 2946 quatuor
1482 2860 1660 2923 marcatas
1685 2860 1864 2923 terrarum
1889 2848 2161 2922 dominicalium

616 2974 728 3072 vulgo
745 2972 792 3046 116
810 2973 931 3046 Manis
949 2974 993 3046 de
1012 2973 1237 3073 Orosraguell
1255 2999 1338 3047 cum
1354 2974 1562 3048 molendino
1588 2985 1718 3049 166616
1742 2973 1993 3048 molendinum
2011 2973 2162 3047 Oenobii

617 3099 729 3197 vulgo
756 3099 804 3172 lie
831 3098 965 3195 Abbay
981 3098 1105 3196 mylne
1134 3099 1179 3172 de
1208 3099 1434 3199 Orosraguell
1462 3127 1545 3174 cum
1572 3101 1678 3174 terris
1704 3100 1977 3174 molendinariis
2003 3099 2162 3173 astrictis

616 3224 787 3298 multuris
805 3234 843 3297 et
869 3224 1023 3322 sequelis
1051 3225 1212 3298 eiusdem
1240 3251 1323 3298 cum
1350 3226 1456 3322 sylua
1483 3224 1528 3299 de
1557 3225 1781 3324 Orosraguell
1809 3226 1948 3298 vinario
1975 3225 2088 3324 vulgo
2114 3225 2162 3298 lie

616 3348 715 3422 ward
731 3373 773 3423 66
789 3359 894 3446 prato
912 3349 1002 3423 dicti
1019 3349 1169 3423 Oenobii
1186 3350 1297 3450 vulgo
1314 3351 1362 3424 lie
1378 3351 1511 3449 Abbay
1527 3351 1633 3424 medo
1659 3377 1701 3424 ac
1725 3352 1804 3424 aliis
1831 3352 1906 3424 suis
1930 3350 2163 3448 pertinentiis

617 3475 727 3549 Totas
762 3485 799 3548 et
832 3475 992 3573 integras
1026 3501 1090 3549 sex
1128 3485 1306 3548 marcatas
1347 3485 1525 3549 terrarum
1559 3477 1604 3550 de
1639 3476 1752 3550 Eistir
1785 3476 1971 3573 Dunheyn
2005 3473 2163 3575 quatuor

616 3612 793 3674 marcatas
811 3610 992 3673 terrarum
1009 3599 1054 3673 de
1072 3599 1326 3674 Mochrcmhill
1351 3601 1494 3675 Nouem
1520 3613 1697 3675 marcatas
1722 3613 1901 3676 terrarum
1919 3600 1964 3674 de
1981 3600 2160 3675 Brownis-

615 3736 727 3801 toune
753 3752 816 3798 sex
842 3736 1020 3799 marcatas
1048 3737 1225 3807 terrarum
1253 3726 1298 3800 de
1327 3725 1462 3800 Westir
1489 3727 1675 3825 Dunheyn
1698 3753 1762 3800 sex
1779 3738 1958 3801 marcatas
1983 3737 2162 3800 terrarum

556 3943 559 3948 Ι
617 3852 661 3926 (16
689 3851 938 3925 Α11611116611116
965 3851 1129 3938 Quatuor
1153 3863 1330 3926 marcatas
1355 3863 1534 3926 terrarum
1568 3853 1614 3927 de
1649 3852 1863 3951 Balkennay
1888 3852 2163 3951 Quinquaginta

618 3977 790 4051 sohdatas
823 3987 1002 4050 terrarum
1037 3977 1082 4051 de
1117 3977 1276 4077 Oragoth
1307 3977 1558 4052 Oairnistonne
1589 3988 1627 4051 et
1658 3977 1810 4052 Knokin
1841 4004 1924 4051 cum
1954 3977 2162 4052 carbonario

619 4102 814 4177 earundem
839 4113 970 4176 vocato
984 4102 1246 4205 ‚carbonarium
1264 4103 1310 4177 de
1326 4104 1552 4179 Alhallowlie
1570 4115 1768 4178 marcatum
1785 4115 1881 4178 terre
1899 4103 1944 4177 de
1961 4102 2163 4177 Knckbrek

619 4229 716 4326 apud
734 4229 921 4302 ecclesiam
938 4228 983 4302 de
1001 4227 1211 4302 Straitoune
1228 4229 1479 4328 Quadraginta
1496 4230 1668 4304 solidatas
1693 4240 1871 4304 terrarum
1889 4230 1934 4302 de
1952 4229 2162 4303 M‘Govins-

616 4366 728 4429 1611116
741 4354 858 4428 decim
875 4354 1050 4427 solidatas
1068 4364 1245 4428 terrarum
1262 4355 1308 4428 (16
1325 4355 1650 4429 Maltmanistoune
1668 4357 1809 4454 antiqui
1823 4365 1994 4429 extentus
2007 4380 2163 4428 16666111

616 4481 768 4578 piscaria
793 4481 969 4554 introitus
987 4505 1028 4553 ac
1046 4481 1117 4554 6116
1143 4505 1236 4578 aque
1262 4480 1308 4554 de
1334 4481 1503 4554 06116116
1528 4483 1687 4555 16666166
1712 4482 1751 4554 111
1777 4481 1955 4554 balliuatu
1973 4480 2018 4553 de
2036 4480 2163 4554 Oarrik

617 4605 712 4679 infra
728 4605 1022 4679 vicecomitatum
1039 4605 1084 4678 de
1102 4605 1168 4678 Air
1191 4631 1233 4679 ac
1257 4606 1447 4705 regalitate
1474 4619 1600 4681 1166116
1626 4607 1671 4682 (16
1699 4606 1924 4705 Orosraguell
1975 4605 2163 4679 Tenendas

618 4743 656 4806 et
682 4731 868 4805 habendas
894 4740 993 4804 totas
1021 4742 1058 4804 et
1085 4731 1245 4830 integras
1271 4732 1431 4829 prefatas
1458 4733 1583 4807 decem
1610 4743 1787 4807 marcatas
1814 4743 1993 4806 terrarum
2021 4730 2163 4829 antiqui

619 4868 790 4931 extentus
816 4857 861 4931 de
891 4857 1153 4956 Dmmgarloch
1184 4883 1268 4930 cum
1295 4858 1501 4932 molendino
1530 4858 1575 4932 de
1602 4858 1866 4958 Dmmgarloch
1893 4859 1998 4932 terris
2025 4859 2161 4933 molen-

618 4983 766 5056 dinariis
800 4983 957 5057 astrictis
996 4983 1166 5056 multuris
1203 4985 1359 5081 sequelis
1397 4984 1559 5057 eiusdem
1598 5010 1681 5058 cum
1714 4984 1821 5083 sylua
1855 4984 1900 5056 (16
1936 4983 2163 5084 Orosraguell

618 5110 758 5182 vinario
783 5109 894 5208 vulgo
919 5109 967 5182 lie
992 5108 1090 5182 ward
1116 5133 1156 5181 ac
1182 5109 1261 5182 aliis
1287 5111 1362 5182 suis
1387 5111 1616 5208 pertinentiis
1642 5109 1918 5208 quibuscunque
1945 5137 1986 5184 66
2008 5120 2107 5184 totas
2124 5121 2163 5184 et

618 5235 779 5333 integras
808 5243 950 5307 nostras
981 5244 1062 5308 octo
1094 5245 1271 5308 marcatas
1301 5245 1477 5309 terrarum
1509 5234 1554 5309 dc
1581 5235 1774 5309 Balchristi
1802 5246 1960 5334 quatuor
1984 5246 2162 5310 marcatas

619 5359 892 5433 dominicalium
927 5359 1038 5458 vulgo
1071 5360 1119 5432 116
1161 5360 1281 5434 Manis
1316 5361 1360 5435 de
1395 5360 1621 5461 Orosraguell
1663 5388 1746 5436 cum
1788 5361 1997 5435 molendino
2031 5372 2162 5436 166616

619 5484 869 5559 molendinum
895 5483 1044 5559 Oeuobii
1070 5511 1152 5558 cum
1177 5485 1348 5560 multuris
1377 5486 1483 5585 sylua
1511 5499 1616 5585 prato
1646 5513 1687 5562 66
1716 5489 1796 5562 61116
1826 5489 1901 5561 suis
1929 5489 2163 5586 pertinentiis
