5150 6684
595 815 636 872 54
877 811 1097 876 GHARTERS
1127 812 1180 877 OF
1209 813 1295 876 THE
1323 814 1462 876 ABBEY
1491 812 1545 906 ΟΡ
1574 813 1858 877 OROSRAGUEL

593 1022 659 1094 pro
677 996 784 1070 dictis
801 998 907 1072 terris
925 1024 970 1073 61
988 1000 1139 1098 antiquo
1165 1000 1258 1074 solui
1284 1000 1400 1075 solitis
1426 1011 1464 1075 61
1489 1001 1670 1075 consuetis
1700 999 1714 1099 (
1739 998 1779 1098 )
1808 1025 1950 1075 necnon
1967 1025 2148 1074 summam

592 1123 726 1222 viginti
760 1124 957 1199 solidorum
991 1137 1136 1200 monete
1170 1127 1210 1200 in
1244 1128 1580 1227 augmentationem
1615 1128 1731 1201 nostri
1765 1127 1915 1201 rentalis
1953 1127 2148 1226 plusquam

593 1274 756 1346 vnquam
790 1250 887 1324 dicte
921 1263 1014 1326 16116
1048 1253 1154 1326 nobis
1189 1263 1254 1326 aut
1287 1252 1598 1351 predecessoribus
1632 1251 1766 1326 nostris
1795 1252 2049 1351 persoluenmt
2083 1266 2149 1327 aut

593 1374 772 1448 dederunt
790 1375 836 1449 ad
853 1376 944 1450 duos
963 1379 1049 1451 anni
1066 1379 1242 1452 terminos
1260 1391 1451 1454 consuetos
1468 1380 1573 1470 festa,
1592 1379 1675 1468 via,
1695 1379 1948 1453 Penthicostes
1965 1389 2004 1453 61
2023 1377 2149 1454 Sancti

593 1499 746 1574 Martini
775 1503 815 1575 in
844 1502 962 1576 hieme
987 1529 1053 1601 per
1083 1505 1228 1602 equales
1257 1507 1443 1602 portiones
1503 1503 2149 1602 Ν6611611116161166Ρ1616111111116111

592 1627 735 1700 comitis
770 1628 815 1701 de
850 1628 1011 1703 Cassillis
1045 1631 1198 1704 maseuli
1239 1633 1433 1730 prescripti
1469 1629 1691 1728 duplicando
1734 1630 1871 1704 dictam
1908 1629 2148 1704 feodifirmam

591 1754 836 1851 pecuniariam
867 1755 985 1852 primo
1020 1781 1116 1829 anno
1150 1757 1322 1831 introitus
1356 1756 1551 1831 cuiuslibet
1585 1755 1729 1830 heredis
1763 1755 1812 1830 ad
1844 1755 2004 1853 prefatas
2033 1766 2149 1829 terras

592 1879 842 1954 molendinum
863 1907 946 1954 cum
972 1881 1190 1956 carbonariis
1217 1892 1254 1956 et
1279 1884 1442 1980 piscariis
1468 1882 1663 1956 antedictis
1693 1892 1803 1980 prout
1830 1906 1918 1955 vsus
1945 1892 2001 1956 est
2030 1881 2149 1956 feudi-

591 2005 694 2078 firme
712 2031 777 2102 pro
795 2008 895 2079 omni
912 2007 982 2080 alio
1000 2033 1109 2082 onere
1126 2009 1316 2082 exactione
1333 2010 1524 2107 questione
1549 2006 1730 2081 demanda
1746 2032 1810 2080 seu
1828 2007 1976 2081 seruitio
1996 2007 2149 2081 seculari
2195 2065 2198 2069 .

591 2157 662 2228 que
680 2131 725 2204 de
746 2133 917 2229 predictis
943 2135 1049 2207 terris
1076 2133 1259 2208 soluendis
1286 2134 1506 2209 habentibus
1534 2134 1692 2208 decimas
1719 2132 1918 2207 earundem
1944 2134 1983 2206 in
2011 2133 2148 2207 eisdem

591 2258 747 2331 inclusas
773 2269 849 2331 tam
878 2284 945 2357 pro
975 2259 1124 2333 decimis
1154 2286 1264 2359 quam
1295 2285 1362 2358 pro
1391 2261 1505 2334 firmis
1536 2285 1577 2334 ac
1610 2284 1677 2357 pro
1711 2259 1791 2332 aliis
1821 2259 1927 2332 terris
1955 2260 2148 2357 pecuniam

590 2383 817 2458 soluentibus
842 2410 907 2482 per
925 2411 1159 2483 quoscunque
1186 2387 1281 2459 iuste
1300 2388 1397 2486 exigi
1423 2396 1599 2486 poterunt
1626 2383 1899 2483 quomodolibet
1926 2384 1986 2457 vel
2013 2385 2149 2482 requiri

590 2508 640 2581 Et
674 2535 740 2582 nos
774 2535 861 2583 vero
890 2510 1054 2609 prefatus
1087 2511 1241 2586 Allanus
1285 2513 1441 2588 Stewart
1476 2511 1803 2585 commendatarius
1837 2509 1882 2583 de
1921 2509 2149 2608 Oorsraguell

591 2636 797 2709 antedictus
828 2646 865 2711 61
892 2647 1095 2711 6661611116
1123 2637 1284 2712 eiusdem
1315 2649 1353 2714 et
1386 2663 1605 2712 successores
1631 2637 1748 2710 nostri
1781 2644 1879 2709 totas
1913 2645 1951 2709 et
1985 2637 2149 2736 integras

590 2763 860 2858 prenominatos
877 2772 990 2836 terras
1007 2788 1091 2836 cum
1108 2763 1328 2838 molendinis
1345 2765 1516 2839 multuris
1534 2773 1573 2836 61
1597 2762 1740 2860 prefata
1763 2761 1963 2859 piscatione
1989 2786 2085 2860 aque
2102 2762 2147 2836 de

592 2887 760 2962 Gervane
778 2914 818 2962 ac
835 2889 915 2962 aliis
935 2890 1010 2962 suis
1035 2890 1266 2986 pertinentiis
1283 2902 1321 2965 et
1346 2891 1502 2989 sequelis
1520 2889 1795 2987 quibuscunque
1821 2912 1904 2959 cum
1930 2886 2147 2961 carbonariis

591 3015 755 3112 superius
773 3015 991 3112 expressatis
1015 3016 1176 3088 iacentes
1193 3027 1236 3090 vt
1260 3041 1371 3114 supra
1394 3016 1545 3114 prefatis
1571 3013 1736 3089 Gilberto
1762 3012 1888 3086 comiti
1913 3001 1959 3086 de
1985 3010 2146 3087 Cassillis

590 3139 736 3213 domine
771 3140 975 3240 Margarete
1010 3139 1129 3214 Lioun
1163 3143 1240 3215 eius
1274 3167 1405 3240 sponse
1442 3167 1566 3215 eorum
1608 3140 1714 3213 alteri
1748 3139 1888 3212 diutius
1929 3139 2073 3212 viuenti
2106 3139 2146 3212 in

591 3266 786 3340 coniuncta
802 3266 1047 3340 infeodatione
1064 3276 1103 3340 61
1127 3291 1253 3340 eorum
1270 3267 1463 3342 heredibus
1489 3265 1658 3340 masculis
1684 3265 1937 3362 suprascriptis
1963 3265 2003 3337 in
2029 3265 2147 3337 omni·

590 3391 659 3464 bus
676 3403 714 3464 et
738 3416 803 3488 per
819 3393 940 3466 61111116
956 3392 1073 3465 forma
1097 3393 1234 3491 pariter
1253 3405 1292 3466 et
1318 3395 1449 3468 effectu
1472 3402 1517 3466 vt
1543 3392 1757 3490 premissum
1787 3400 1842 3464 est
1869 3401 1995 3463 contra
2020 3415 2146 3463 omnes

590 3516 760 3590 mortales
777 3517 1085 3591 vorantizabimus
1106 3518 1392 3616 acquietabimus
1417 3529 1455 3593 et
1480 3520 1749 3617 imperpetuum
1774 3515 2011 3590 defendemus
2064 3515 2146 3602 Quo

592 3644 685 3714 61166
701 3641 844 3715 (11166116
861 3644 995 3717 11661116
1013 3644 1191 3732 Quintino
1208 3645 1314 3718 Mure
1332 3646 1371 3719 in
1389 3645 1541 3718 Killikie
1568 3700 1764 3718 ......
1794 3651 1831 3715 61
1849 3667 1973 3716 66111111
1997 3641 2146 3715 cuilibet

592 3767 735 3840 balliuis
770 3768 904 3841 nostris
938 3769 978 3842 111
1014 3769 1080 3843 hac
1113 3780 1218 3867 parte
1252 3771 1455 3868 specialiter
1488 3770 1698 3844 constitutis
1761 3767 1875 3841 Vobis
1909 3777 1947 3840 et
1980 3779 2143 3842 vestrum

592 3893 742 3968 cuilibet
775 3895 998 3969 coniunctim
1033 3904 1071 3968 61
1101 3895 1249 3969 diuisim
1282 3897 1502 3995 precipimus
1535 3895 1690 3968 firmiter
1717 3892 1933 3970 mandamus
1963 3902 2144 3991 quatenus

592 4021 681 4093 visis
706 4020 936 4117 presentibus
963 4020 1117 4097 indilate
1142 4031 1281 4095 statum
1307 4023 1463 4096 sasinam
1488 4020 1743 4095 hereditariam
1770 4020 1977 4118 pariterque
2003 4044 2143 4118 posses-

592 4146 731 4218 sionem
749 4145 968 4242 corporalem
996 4146 1175 4219 actualem
1202 4157 1239 4221 et
1264 4149 1397 4221 realem
1414 4159 1576 4222 totarum
1603 4158 1642 4221 et
1669 4147 1894 4245 integramm
1921 4144 2144 4242 prelatarum

592 4270 717 4344 decem
734 4270 946 4344 libratarum
964 4281 1140 4345 terrarum
1158 4272 1203 4346 de
1229 4272 1484 4372 Drumgirloeh
1502 4299 1584 4346 cum
1602 4270 1809 4345 molendino
1826 4270 1872 4344 de
1888 4269 2146 4368 Drumgirloch

593 4397 698 4470 terris
716 4395 987 4470 molendinariis
1004 4397 1161 4470 astrictis
1187 4397 1357 4471 multuris
1382 4410 1421 4473 et
1447 4399 1527 4472 aliis
1555 4399 1630 4472 suis
1656 4397 1888 4496 pertinentiis
1913 4422 1954 4470 ac
1981 4405 2145 4469 totarum

594 4533 632 4595 et
673 4523 899 4620 integrarum
940 4520 1164 4619 prefatorum
1206 4533 1289 4596 6616
1323 4535 1562 4598 marcatarum
1605 4533 1782 4597 terrarum
1816 4521 1862 4595 de
1894 4521 2144 4595 Balchristene

593 4658 751 4745 quatuor
767 4657 1009 4721 marcatarum
1034 4658 1210 4721 terrarum
1227 4647 1499 4722 dominicalium
1516 4650 1562 4723 de
1580 4647 1806 4746 Oorsraguell
1832 4673 1915 4720 cum
1934 4646 2144 4720 molendino

594 4782 723 4845 vocato
743 4772 994 4846 molendinum
1012 4772 1177 4847 Coenobii
1194 4799 1258 4847 661
1281 4787 1522 4849 marcatarum
1548 4786 1726 4849 terrarum
1752 4773 1799 4848 de
1816 4773 1936 4846 Eister
1963 4768 2145 4846 Dunhene

594 4924 635 4970 ac
669 4910 827 4997 quatuor
859 4907 1100 4972 marcatarum
1133 4909 1313 4973 terrarum
1350 4900 1396 4976 de
1437 4900 1695 4976 Mochrumhill
1736 4924 1870 4973 novem
1903 4909 2145 4972 marcatarum

594 5035 772 5097 terrarum
790 5024 835 5097 de
860 5023 1096 5099 Brounstoun
1113 5049 1177 5098 661
1194 5037 1437 5101 marcatarum
1461 5038 1640 5100 terrarum
1660 5025 1705 5100 de
1722 5025 1858 5099 Westir
1882 5024 2064 5098 Dunhene
2081 5048 2145 5096 661

595 5160 836 5221 marcatarum
870 5159 1047 5223 terrarum
1082 5150 1128 5224 de
1157 5148 1382 5225 Achnachtis
1416 5162 1572 5251 quatuor
1604 5160 1847 5226 marcatarum
1886 5161 2066 5224 terrarum
2097 5149 2146 5223 de

596 5272 816 5371 Balkynnay
844 5275 1085 5374 quadraginta
1109 5275 1346 5350 solidatorum
1373 5289 1551 5351 terrarum
1579 5277 1624 5351 de
1642 5277 1802 5376 Cragoth
1831 5301 1915 5348 cum
1937 5275 2147 5351 carbonario

596 5397 642 5470 de
667 5397 919 5472 Halhallowlie
946 5399 1163 5474 Carnistoun
1191 5411 1229 5475 et
1257 5401 1408 5476 Knokin
1435 5414 1591 5476 marcate
1618 5415 1713 5476 terre
1740 5401 1785 5475 de
1815 5400 2018 5474 Knokbrek
2047 5398 2146 5497 apud

595 5523 782 5600 ecclesiam
799 5523 845 5598 de
863 5523 1039 5599 Stratoun
1065 5525 1307 5626 quadraginta
1329 5528 1565 5602 solidatarum
1590 5538 1768 5602 terrarum
1793 5527 1839 5600 de
1864 5525 2148 5601 M‘Gownstoun
