5150 6684
623 789 665 850 44
903 783 1124 848 CHARTERS
1153 783 1207 847 OF
1235 783 1322 846 THn
1350 782 1489 846 ΑΒΒΕΥ
1517 782 1571 846 OF
1599 783 1886 850 CROSRAGUEL.

620 970 737 1045 nostri
771 969 882 1070 Regis
909 970 955 1044 de
985 971 1074 1044 totis
1109 979 1147 1044 et
1176 969 1331 1068 integris
1357 969 1600 1069 quadraginta
1630 969 1795 1045 solidatis
1824 967 2016 1045 terrarum
2030 970 2173 1070 antiqui

621 1107 793 1172 extentus
810 1097 856 1170 de
874 1097 981 1170 Ester
997 1095 1252 1169 Auchinblane
1269 1095 1472 1170 iacentibus
1494 1095 1589 1169 infra
1613 1096 1822 1194 parochiam
1847 1096 1892 1170 de
1919 1095 2173 1171 Kirkoswalde

621 1221 675 1296 Ac
693 1223 805 1296 etiam
822 1222 868 1296 de
885 1223 1022 1322 viginti
1039 1220 1205 1296 solidatis
1221 1232 1401 1295 terrarum
1418 1222 1560 1320 antiqui
1574 1232 1748 1296 extentus
1765 1222 1810 1296 (16
1828 1222 2004 1321 Deneyne
2021 1223 2172 1297 iacenti-

620 1347 690 1421 bus
717 1349 756 1422 in
784 1349 945 1422 dominio
976 1358 1098 1422 nostro
1127 1346 1252 1421 Crucis
1282 1347 1429 1445 Regalis
1459 1349 1633 1421 comitatu
1664 1347 1709 1421 de
1740 1347 1866 1422 Carrik
1892 1358 1930 1422 61
1956 1349 2052 1422 infra
2076 1350 2171 1423 vice-

621 1475 836 1546 comitatum
867 1473 912 1547 de
930 1472 998 1546 hir
1026 1498 1170 1546 necnon
1193 1471 1238 1546 de
1261 1474 1351 1547 totis
1377 1483 1414 1547 et
1440 1474 1591 1572 integris
1611 1484 1685 1547 tres
1705 1471 1787 1573 (ric)
1805 1474 1976 1547 mercatis
1993 1485 2171 1548 terrarum

621 1599 666 1673 de
684 1599 893 1674 Beltarsane
911 1599 1053 1696 antiqui
1080 1608 1250 1672 extentus
1277 1624 1359 1671 cum
1385 1599 1572 1672 mansione
1598 1598 1766 1673 domibus
1792 1600 1909 1673 hortis
1934 1609 1971 1674 61
2001 1601 2172 1697 pomeriis

479 1781 481 1784 -
620 1725 816 1800 earundem
834 1751 992 1798 1116611111
1012 1724 1111 1822 petia
1128 1724 1225 1821 prati
1242 1725 1375 1797 iacenti
1393 1750 1414 1796 6
1431 1734 1532 1823 tergo
1550 1724 1647 1799 (11616
1663 1725 1863 1798 mansionis
1887 1725 1933 1799 de
1960 1725 2171 1799 Beltarsane

621 1875 665 1923 ex
691 1876 765 1924 1116
789 1861 893 1948 parte
919 1860 957 1924 61
983 1861 1097 1924 terras
1122 1848 1168 1922 (16
1194 1849 1407 1924 Dalchomie
1433 1876 1479 1924 61
1505 1851 1619 1924 611616
1642 1861 1747 1949 parte
1773 1861 1810 1925 61
1834 1861 1982 1949 pratum
1998 1861 2171 1925 vocatum

620 1976 707 2050 olim
724 1987 871 2074 pratum
888 1976 1045 2050 Domine
1072 1975 1117 2048 de
1144 1976 1234 2049 Row
1251 1975 1466 2050 extendenti
1483 1976 1530 2050 ad
1546 1987 1621 2050 tres
1647 2002 1746 2050 acras
1768 1977 1866 2074 prati
1882 1976 1943 2049 vel
1960 2002 2003 2051 ea
2019 1978 2112 2050 circa
2130 2003 2172 2050 ac

620 2102 665 2175 de
695 2127 768 2176 vna
796 2112 956 2175 mercata
985 2112 1080 2176 terre
1112 2101 1156 2174 dc
1188 2101 1448 2176 Knokronalde
1476 2103 1646 2202 contigue
1676 2103 1811 2176 iacenti
1837 2128 1950 2199 prope
1980 2113 2096 2175 terras
2126 2101 2171 2176 (16

619 2227 807 2303 Tornbrok
821 2254 866 2302 61
878 2239 982 2326 parte
1001 2228 1153 2302 australi
1170 2238 1284 2301 terras
1302 2227 1347 2301 de
1364 2228 1641 2301 Mochramehill
1654 2238 1692 2302 et
1704 2228 1831 2301 Enoch
1850 2254 1896 2301 61
1912 2239 2016 2325 parte
2034 2227 2170 2301 boreali

618 2353 666 2428 lie
691 2354 825 2454 Manys
843 2355 967 2430 Crucis
988 2354 1134 2453 Regalis
1162 2363 1199 2427 et
1226 2364 1332 2452 prata
1358 2354 1519 2428 eiusdem
1545 2379 1591 2428 ex
1614 2364 1718 2452 parte
1747 2353 1962 2427 occidentali
1990 2363 2028 2425 et
2054 2364 2170 2427 terras

618 2479 664 2553 de
693 2481 977 2555 Drummorrane
1003 2489 1041 2553 et
1067 2479 1222 2554 Cultone
1249 2505 1294 2552 61
1321 2479 1489 2554 orientali
1517 2490 1622 2577 parte
1646 2479 1770 2553 decem
1796 2479 1969 2552 solidatas
1990 2490 2169 2552 terrarum

619 2605 665 2679 de
696 2606 1008 2681 Chalmeristoune
1033 2605 1158 2679 decem
1188 2604 1360 2678 solidatas
1389 2616 1567 2682 terrarum
1592 2605 1639 2678 de
1668 2605 1852 2678 Lokstone
1883 2615 1966 2678 octo
1996 2604 2170 2678 solidatas

618 2739 657 2804 et
682 2741 839 2829 quatuor
865 2731 1071 2804 denariatas
1101 2741 1279 2806 terrarum
1306 2731 1502 2805 earundem
1527 2756 1593 2829 per
1616 2756 1788 2828 personas
1813 2730 1853 2802 in
1879 2731 2031 2828 antiquo
2054 2730 2168 2803 infeo-

618 2855 780 2930 famento
814 2882 880 2955 pro
914 2868 1077 2955 tempore
1112 2865 1369 2953 occupatarum
1399 2882 1483 2934 cum
1517 2855 1670 2955 singulis
1704 2855 1901 2934 earundem
1935 2855 2169 2954 pertinentiis

617 2981 816 3056 iacentium
840 2983 880 3056 in
906 2981 1075 3081 parochia
1105 2981 1150 3055 (16
1177 2981 1430 3055 Kirkoswalde
1457 2992 1494 3056 et
1524 2983 1699 3060 comitatu
1723 2982 1769 3055 de
1796 2982 1922 3055 Carrilr
1951 2981 2047 3055 infra
2072 2982 2166 3054 vice-

619 3109 834 3182 comitatum
860 3109 905 3182 de
926 3108 993 3209 hir
1013 3117 1051 3182 et
1068 3108 1272 3182 dominium
1290 3108 1415 3182 Crucis
1440 3107 1585 3206 Regalis
1636 3107 1686 3184 Et
1712 3106 1810 3204 quod
1836 3106 1956 3179 dictus
1983 3105 2167 3204 quondam

617 3233 740 3307 Dauid
767 3233 859 3307 obiit
886 3233 1022 3332 absque
1043 3234 1217 3332 legitimis
1242 3233 1435 3307 heredibus
1455 3233 1500 3306 de
1527 3258 1674 3330 corpore
1700 3257 1765 3305 suo
1790 3232 1987 3329 procreatis
2039 3231 2088 3304 Et
2114 3233 2166 3305 sic

619 3358 718 3457 quod
735 3359 854 3433 dictus
871 3358 896 3434 J
897 3359 1058 3433 ohannes
1075 3385 1162 3436 suus
1179 3359 1276 3432 filius
1293 3359 1470 3433 naturalis
1487 3359 1627 3431 16116116
1645 3367 1682 3430 61
1699 3357 1905 3431 conditione
1931 3357 1986 3430 sui
2004 3356 2164 3431 infeoda-

617 3486 732 3558 menti
748 3511 814 3582 per
830 3510 897 3559 nos
914 3483 984 3558 sibi
1007 3485 1172 3582 perprius
1199 3484 1354 3558 confecti
1372 3494 1427 3557 est
1443 3484 1631 3582 legitimus
1648 3493 1685 3556 61
1702 3483 1939 3580 propinquior
1955 3483 2058 3555 heres
2076 3482 2166 3556 dicti

617 3609 803 3708 quondam
827 3609 982 3684 Dauidis
1008 3610 1053 3683 de
1071 3609 1180 3684 dictis
1205 3611 1311 3683 terris
1329 3636 1412 3683 cum
1429 3609 1660 3707 pertinentiis
1711 3608 1761 3684 Et
1779 3608 1876 3706 quod
1894 3609 1990 3682 dicte
2008 3620 2101 3683 terre
2119 3608 2165 3682 de

617 3735 723 3810 nobis
739 3736 779 3808 in
796 3735 999 3809 feudifirme
1017 3745 1188 3810 tenentur
1204 3737 1242 3809 in
1261 3737 1378 3834 capite
1394 3747 1504 3834 prout
1521 3736 1560 3808 in
1578 3734 1677 3808 dicto
1690 3735 1950 3808 iufeodamenti
1968 3735 2164 3808 earundem

617 3861 727 3934 latius
757 3861 965 3935 continetur
994 3860 1108 3934 Vobis
1128 3863 1242 3960 igitur
1269 3874 1307 3935 et
1332 3873 1496 3936 1661111111
1523 3860 1673 3934 cuilibet
1700 3861 1923 3935 coniunctim
1949 3872 1986 3934 et
2016 3861 2164 3936 diuisim

616 3985 769 4060 firmiter
785 3987 1005 4084 precipimus
1023 3998 1061 4059 et
1078 3986 1292 4066 mandamus
1310 3998 1490 4084 quatenus
1507 3987 1596 4059 visis
1612 3985 1839 4084 presentibus
1856 3984 2007 4059 indilate
2026 3997 2163 4058 statum

617 4113 774 4185 sasinam
791 4112 1046 4185 hereditariam
1062 4113 1199 4210 pariter
1216 4124 1253 4187 et
1270 4114 1532 4210 possessionem
1545 4111 1766 4210 corporalem
1779 4111 1958 4184 actualem
1976 4123 2013 4184 et
2031 4112 2163 4186 realem

616 4249 777 4312 totarum
795 4248 833 4312 et
849 4237 1073 4336 integrarum
1098 4239 1341 4337 quadraginta
1366 4238 1602 4314 solidatarum
1628 4248 1805 4311 terrarum
1830 4237 1974 4335 antiqui
1991 4249 2162 4311 extentus

616 4363 661 4437 de
679 4363 786 4437 Ester
803 4362 1056 4437 Auchinblanc
1074 4376 1112 4438 61
1128 4365 1263 4463 viginti
1290 4365 1525 4442 solidatorum
1549 4375 1726 4438 terrarum
1751 4363 1895 4461 antiqui
1921 4374 2091 4436 extentus
2116 4363 2162 4436 de

616 4485 773 4587 Deneyn
806 4514 946 4563 necnon
980 4490 1203 4587 prefatorum
1237 4492 1351 4564 trium
1385 4502 1624 4567 mercatamm
1658 4499 1836 4565 terrarum
1870 4489 1916 4562 (16
1950 4488 2161 4562 Beltarsane

616 4616 759 4714 antiqui
794 4625 965 4688 ext-entus
1001 4641 1083 4688 cum
1117 4616 1304 4689 mansione
1338 4615 1505 4690 domibus
1541 4617 1656 4692 hortis
1691 4627 1729 4690 et
1762 4614 1931 4716 pomeriis
1966 4615 2161 4688 earundem

615 4767 773 4816 1116611111
806 4740 948 4839 prefata
976 4741 1075 4840 petia
1104 4743 1200 4840 prati
1229 4743 1362 4815 iacenti
1396 4769 1417 4815 6
1446 4751 1550 4840 tergo
1580 4741 1676 4815 dicte
1706 4741 1904 4813 mansionis
1930 4765 1996 4838 per
2024 4740 2161 4813 limites

615 4869 833 4965 prescriptos
883 4866 938 4942 Ac
965 4867 1061 4940 dicte
1082 4878 1237 4942 mercato
1263 4878 1356 4940 16116
1387 4868 1432 4941 (16
1458 4865 1718 4941 Knolrroualde
1743 4866 1911 4940 similiter
1934 4891 2000 4964 per
2024 4865 2160 4939 limites

615 4994 844 5090 prescriptos,
874 4992 998 5066 decem
1032 4991 1270 5066 solidaturum
1303 5003 1481 5067 terrarum
1515 4993 1560 5066 (16
1590 4992 1785 5081 Lokstone,
1813 5003 1894 5065 octo
1925 4991 2159 5065 solidatarum

614 5129 791 5192 terrarum
817 5128 856 5191 61
881 5129 1037 5217 quatuor
1061 5118 1332 5193 denariatarum
1356 5130 1534 5192 terrarum
1565 5116 1759 5192 earumdem
1790 5144 1872 5191 cum
1899 5117 2051 5217 singulis
2085 5118 2160 5190 suis

614 5244 846 5341 pertinentiis
874 5245 1016 5341 prefato
1045 5243 1207 5316 Johanni
1235 5243 1419 5342 Kennedy
1435 5244 1494 5318 vel
1520 5270 1585 5318 suo
1609 5254 1705 5318 certo
1729 5254 1915 5317 actomato
1942 5243 2049 5317 latori
2078 5268 2159 5341 pre-

615 5369 774 5442 sentium
797 5369 997 5443 secundum
1026 5379 1191 5444 tenorem
1213 5371 1346 5468 prefati
1372 5372 1514 5468 antiqui
1544 5370 1806 5444 infeodamenti
1835 5369 2030 5443 earundem
2063 5370 2160 5442 iuste

614 5493 738 5568 haberi
750 5494 890 5570 faciatis
904 5505 941 5569 61
952 5495 1158 5569 deliberetis
1210 5495 1259 5570 Et
1272 5497 1340 5572 hoc
1353 5497 1454 5571 nullo
1467 5497 1575 5571 modo
1589 5497 1767 5571 omittatis
1780 5497 1827 5571 ad
1841 5496 1938 5595 quod
1951 5495 2158 5569 faciendum
