5150 6684
702 765 922 830 GHARTERS
953 766 1005 830 OF
1034 768 1120 830 THE
1148 767 1286 830 ABBEY
1316 767 1369 831 OF
1399 767 1683 831 GROSRAGUEL.
1925 771 1964 828 55

414 977 454 1026 ac
472 952 596 1026 decem
613 952 851 1026 solidatorum
867 963 1047 1027 terrarum
1064 954 1109 1028 de
1134 954 1427 1029 Maltmanstoun
1444 955 1640 1029 iacentium
1657 955 1696 1028 in
1712 953 1902 1053 regalitate
1920 953 1966 1028 de

414 1077 641 1178 Corsraguell
665 1077 817 1153 bulliatu
834 1077 881 1152 de
908 1079 1035 1153 Carrik
1051 1091 1089 1155 et
1105 1080 1200 1154 infra
1224 1080 1520 1155 vicecomitatum
1546 1081 1593 1155 dc
1610 1081 1677 1154 Air
1703 1105 1786 1157 cum
1814 1079 1966 1180 singulis

413 1204 610 1280 earundem
626 1204 859 1302 pertinentiis
876 1205 1026 1303 prefatis
1044 1205 1210 1281 Gilberto
1222 1207 1348 1280 comiti
1360 1206 1406 1281 dc
1420 1205 1580 1281 Cassillis
1597 1207 1742 1280 domine
1760 1206 1966 1305 Margarete

412 1330 532 1405 Lioun
550 1356 613 1404 sue
631 1356 761 1428 sponse
778 1355 973 1430 eorumque
991 1332 1095 1406 alteri
1120 1333 1259 1407 diutius
1275 1333 1420 1406 viuenti
1444 1333 1484 1405 in
1501 1333 1695 1406 coniuncta
1719 1331 1965 1405 infeodatione

413 1465 451 1530 et
476 1455 669 1530 heredibus
687 1481 812 1530 eorum
829 1456 997 1530 masculis
1022 1459 1231 1556 prescriptis
1248 1459 1308 1532 vel
1335 1459 1410 1532 suis
1438 1460 1545 1532 certis
1573 1459 1771 1533 actomatis
1788 1457 1965 1532 latoribus

411 1582 635 1679 presentium
651 1591 828 1679 perterre
845 1592 883 1657 et
899 1582 1032 1680 lapidis
1049 1582 1178 1657 fundi1
1200 1594 1380 1658 terrarum
1397 1584 1443 1659 de
1461 1584 1702 1659 Balchristine
1727 1583 1963 1658 traditionem

411 1718 456 1782 vt
481 1708 590 1781 moris
617 1717 674 1780 est
702 1707 901 1781 secundum
930 1708 1087 1782 formam
1116 1721 1153 1783 et
1181 1721 1345 1784 tenorem
1375 1711 1484 1784 huius
1514 1720 1637 1784 nostre
1664 1712 1843 1808 presentis
1866 1721 1963 1784 carte

411 1833 654 1930 suprascripte
680 1859 790 1931 quam
811 1833 898 1908 inde
922 1834 1059 1909 habent
1083 1837 1179 1909 iuste
1205 1835 1330 1909 haberi
1354 1835 1497 1911 faciatis
1522 1845 1560 1909 et
1586 1835 1792 1910 deliberetis
1818 1837 1965 1933 prouiso

413 1957 510 2057 quod
530 1959 638 2032 vnioa
662 1959 783 2032 sasina
804 1958 980 2056 capienda
1006 1961 1045 2033 in
1071 1962 1175 2035 terris
1202 1961 1248 2036 de
1275 1962 1482 2060 Balchristy
1509 1963 1578 2035 erit
1607 1972 1685 2036 tam
1714 1961 1895 2036 sufficiens
1926 1972 1964 2037 et

411 2083 533 2158 valida
566 2094 610 2158 vt
643 2085 675 2157 si
700 2085 895 2182 separatim
925 2096 963 2159 et
996 2088 1195 2161 successive
1230 2089 1394 2186 ceperint
1428 2089 1467 2161 in
1497 2088 1665 2161 omnibus
1696 2089 1824 2162 ceteris
1858 2089 1964 2162 terris

411 2209 629 2283 molendinis
659 2209 878 2284 carbonariis
908 2221 946 2284 et
979 2212 1240 2310 piscationibus
1274 2239 1358 2288 cum
1392 2239 1466 2312 qua
1499 2213 1750 2312 dispensamus
1813 2214 1863 2288 Et
1895 2213 1964 2287 hoc

411 2334 512 2408 nullo
554 2335 663 2409 modo
705 2335 886 2410 omittatis
921 2336 968 2411 ad
1002 2337 1100 2435 quod
1136 2339 1345 2414 faciendum
1384 2340 1488 2413 vobis
1530 2350 1569 2413 et
1602 2350 1768 2413 vestrum
1814 2338 1963 2413 cuilibet

411 2460 635 2534 coniunctim
661 2471 699 2534 et
723 2461 872 2535 diuisim
898 2473 1060 2537 nostram
1085 2464 1285 2562 plenariam
1309 2477 1346 2540 et
1374 2464 1647 2539 irreuocabilem
1674 2475 1799 2539 tenore
1816 2491 1962 2564 presen-

410 2585 506 2659 tium
523 2587 788 2661 committimus
811 2597 1033 2686 potestatem
1086 2590 1130 2664 In
1144 2592 1246 2666 euius
1259 2592 1311 2666 rei
1328 2592 1580 2666 testimonium
1605 2592 1835 2689 presentibus
1851 2617 1963 2666 manu

410 2722 537 2786 nostra
562 2738 603 2786 ac
628 2712 797 2788 manibus
822 2713 957 2812 prefati
982 2716 1097 2789 nostri
1124 2729 1326 2792 conventus
1351 2717 1567 2815 subscriptis
1592 2717 1753 2818 sigillum
1780 2720 1964 2791 communi
2102 2713 2105 2716 ’

410 2837 562 2935 capituli
578 2839 695 2913 nostri
712 2838 802 2914 dicti
819 2841 1029 2914 monasterii
1053 2852 1108 2916 est
1126 2867 1327 2941 appensum
1344 2842 1443 2941 apud
1460 2843 1601 2917 dictum
1626 2854 1794 2917 nostrum
1821 2869 1963 2918 monas·

409 2963 544 3038 terium
560 2965 716 3063 septimo
730 2965 789 3040 die
806 2967 939 3041 mensis
957 2965 1167 3043 Decembris
1184 2994 1280 3042 anno
1298 2967 1449 3042 Domini
1461 2968 1653 3043 millesimo
1671 2970 1963 3068 quingentesimo

408 3091 676 3190 septuagesimo
703 3093 834 3191 quinto
851 3118 971 3168 coram
990 3093 1062 3168 hiis
1088 3094 1245 3169 testibus
1262 3094 1442 3182 Quintino
1467 3094 1574 3168 Mure
1591 3095 1631 3167 in
1654 3094 1807 3168 Kiilikic
1824 3096 1963 3170 Thoma

408 3215 593 3314 Nasmyth
609 3217 634 3290 J
636 3243 753 3292 oanne
769 3217 893 3292 M‘Wc
907 3229 945 3292 et
963 3219 1172 3296 Alexandro
1186 3220 1351 3296 Kessane
1364 3220 1507 3295 notario
1521 3219 1669 3318 publico
1687 3246 1729 3296 ac
1740 3222 1854 3296 seruis
1872 3221 1961 3295 dicti

409 3341 552 3416 comitis
570 3367 654 3417 cum
672 3343 825 3419 diuersis
842 3343 933 3419 aliis.

449 3539 1266 3842 fflffffmffcadiy
1290 3644 1415 3784 Po«
1448 3569 1959 3865 Qosssffaaao

860 3981 1053 4081 Dompnus
1069 3984 1234 4060 Aornos
1251 3985 1456 4064 Msxwunn
1473 4017 1587 4066 manv
1602 3997 1758 4094 propria

860 4108 1053 4206 Dompnus
1071 4109 1286 4188 Glareanus
1304 4114 1498 4190 Rumor
1514 4144 1625 4193 manu
1643 4123 1797 4220 propria

858 4233 1051 4332 Dompnus
1068 4235 1273 4312 Mrcflnnnn
1289 4239 1438 4315 Duwnu
1453 4268 1565 4318 manu
1580 4247 1735 4344 propria

857 4359 1050 4460 Dompnus
1066 4361 1091 4437 J
1092 4384 1268 4440 omnus
1285 4365 1403 4440 Mvsn
1419 4368 1552 4444 Junior
1567 4397 1679 4447 manu
1696 4377 1850 4473 propria.

858 4484 1049 4585 Dompnus
1065 4487 1091 4562 J
1093 4510 1267 4565 omnus
1285 4491 1416 4568 Burbu
1432 4521 1544 4570 manu
1560 4501 1715 4597 propria

481 4703 568 4781 This
586 4708 726 4782 charter
741 4709 826 4784 selit
845 4710 885 4784 in
910 4737 1056 4810 presens
1073 4713 1115 4788 of
1135 4716 1199 4789 the
1216 4717 1328 4792 lordis
1345 4719 1387 4793 of
1408 4724 1549 4797 consale
1575 4724 1640 4800 the
1667 4728 1956 4803 tuentie-sevint

406 4828 477 4927 day
496 4831 537 4905 of
558 4831 719 4908 Februar
739 4835 804 4910 the
834 4838 908 4910 zeir
923 4837 965 4912 of
987 4837 1070 4913 God
1091 4840 1136 4938 jm
1152 4854 1192 4914 v⁰
1209 4842 1275 4915 lm
1301 4845 1404 4920 zeiris
1430 4847 1471 4920 of
1494 4849 1558 4923 the
1585 4851 1695 4925 saidis
1722 4851 1833 4927 lerdis
1860 4880 1954 4929 com·

405 4957 525 5032 mand.
1663 4977 1728 5052 Rr.
1749 4977 1877 5054 Socra.

480 5145 594 5246 Apud
624 5147 840 5250 Eldinburgh
866 5151 1006 5229 decimo
1031 5157 1160 5254 quinto
1186 5156 1372 5257 Februarij
1393 5185 1489 5234 anno
1522 5161 1673 5240 Domini
1692 5165 1737 5264 jm
1752 5182 1793 5240 v0
1812 5179 1955 5266 septua-

405 5271 542 5369 gesimo
558 5275 688 5372 quinto
713 5277 891 5375 producta
907 5305 1027 5354 coram
1053 5282 1211 5357 dominis
1227 5285 1489 5361 commissariis
1624 5290 1681 5366 W.
1697 5291 1874 5369 Huwnrr.

482 5471 494 5512 1
515 5478 532 5508 “
541 5475 601 5533 'l'hc
615 5479 737 5551 symbols
751 5479 782 5536 of
792 5481 956 5540 investiture
970 5485 1073 5558 always
1086 5487 1151 5543 bore
1164 5505 1239 5544 some
1251 5487 1390 5545 reference
1403 5495 1433 5546 to
1446 5491 1495 5547 the
1508 5491 1636 5566 subject”
1651 5493 1759 5566 (cosmo
1773 5495 1875 5568 Innec).
