5150 6684
680 815 899 879 OHARTERS
930 815 983 878 OF
1010 815 1097 878 THE
1125 813 1264 877 ABBEY
1293 814 1347 878 OF
1376 814 1659 878 OROSRAGUEL
1903 819 1942 880 19

393 1004 622 1079 voluntatem
647 1002 737 1077 dicti
788 1061 796 1078 .
852 1061 859 1076 .
915 1060 923 1078 .
977 1011 1015 1076 61
1040 1026 1187 1076 suorum
1212 1001 1389 1075 heredum
1410 1012 1448 1076 et
1472 1000 1723 1100 perimplendo
1748 1001 1819 1075 alia
1836 1027 1945 1076 onera

396 1129 504 1204 dictis
521 1128 646 1204 abbati
664 1138 702 1202 et
719 1128 917 1203 conuentui
942 1127 982 1201 in
999 1128 1097 1203 dicta
1113 1153 1195 1202 mea
1217 1138 1316 1202 carta
1331 1127 1535 1202 feudifirme
1552 1153 1721 1226 expressa
1746 1126 1946 1203 secundum

395 1266 559 1329 tenorem
577 1253 737 1328 eiusdem
759 1264 906 1328 tantum
930 1279 997 1352 pro
1016 1254 1116 1328 omni
1141 1254 1212 1328 alio
1229 1280 1335 1329 onere
1354 1254 1541 1329 exactione
1558 1255 1748 1354 questione
1765 1254 1946 1328 demanda

397 1407 460 1457 seu
485 1381 635 1455 seruitio
661 1380 813 1455 seculari
830 1405 901 1478 que
926 1379 972 1454 de
996 1379 1170 1478 predictis
1187 1381 1294 1454 terris
1319 1380 1528 1454 carbonario
1555 1391 1593 1454 et
1618 1381 1836 1454 molendinis
1861 1406 1945 1454 oum

397 1506 594 1582 earundem
622 1507 854 1604 pertinentiis
886 1532 953 1604 per
982 1532 1216 1606 quoscunque
1245 1507 1341 1581 iuste
1375 1507 1472 1606 exigi
1505 1507 1641 1604 poterit
1673 1506 1947 1605 quomodolibet

397 1634 457 1708 vel
474 1632 609 1732 requiri
659 1633 710 1706 Et
724 1658 791 1733 ego
804 1658 890 1707 vero
907 1632 1071 1730 prefatus
1088 1633 1113 1706 J
1114 1632 1247 1707 acobus
1264 1631 1449 1707 Stewarde
1466 1632 1511 1707 de
1526 1632 1730 1706 Cardonald
1743 1642 1780 1706 61
1797 1631 1947 1706 heredes

398 1759 471 1832 mei
486 1769 584 1832 totas
601 1768 640 1832 et
656 1759 818 1858 integras
842 1758 1002 1857 prefatas
1020 1758 1258 1833 extendentes
1283 1759 1323 1832 in
1339 1759 1482 1858 integro
1500 1758 1546 1832 ad
1564 1760 1755 1858 sexaginta
1771 1769 1947 1833 marcatas

399 1911 462 1959 sex
487 1885 660 1958 solidatas
677 1895 715 1959 61
732 1894 815 1958 6616
833 1885 1037 1960 denariatas
1053 1895 1233 1959 terrarum
1259 1885 1403 1983 antiqui
1429 1894 1602 1959 extentus
1619 1910 1702 1957 cum
1728 1884 1946 1958 molendinis

399 2011 556 2086 astrictis
585 2011 755 2084 multuris
785 2020 823 2084 et
850 2010 1058 2084 carbonario
1090 2012 1301 2109 prescriptis
1328 2011 1375 2085 ab
1405 2010 1574 2084 omnibus
1601 2010 1881 2085 alienationibus
1909 2022 1948 2083 et

399 2135 699 2234 dispositionibus
732 2161 798 2234 per
828 2136 873 2211 (16
907 2137 1016 2212 (116116
1049 2137 1157 2211 terris
1190 2137 1257 2210 vlli
1291 2136 1396 2210 alteri
1429 2137 1536 2210 factis
1570 2136 1630 2210 vel
1663 2136 1795 2210 fiendis
1829 2146 1867 2211 et
1900 2137 1946 2211 ad

399 2262 710 2336 warantizandum
735 2261 880 2337 easdem
897 2273 1077 2362 quantum
1094 2263 1151 2336 ius
1168 2263 1278 2336 michi
1304 2288 1369 2360 per
1391 2289 1449 2335 me
1475 2262 1586 2335 michi
1603 2263 1810 2361 acquisitim
1835 2263 1947 2336 michi
1983 2258 1987 2266 ’

399 2390 439 2463 16
480 2389 559 2461 iure
592 2387 714 2463 valere
753 2389 891 2486 poterit
925 2389 1024 2463 dicto
1075 2447 1083 2464 .
1138 2445 1146 2462 .
1201 2446 1209 2464 .
1263 2387 1458 2462 heredibus
1491 2389 1568 2462 suis
1602 2398 1640 2462 et
1673 2389 1865 2487 assignatis
1907 2390 1947 2461 in

400 2515 568 2589 omnibus
593 2525 631 2588 61
655 2539 721 2612 per
746 2515 868 2588 omnia
892 2515 1009 2589 forma
1033 2517 1170 2613 puriter
1196 2523 1233 2589 61
1259 2513 1391 2587 effectu
1416 2525 1460 2587 vt
1493 2514 1709 2612 premissum
1735 2524 1792 2588 est
1822 2524 1949 2588 contra

401 2667 525 2714 omnes
542 2640 715 2714 mortales
730 2641 1038 2715 varantizabimus
1059 2639 1345 2740 acquietabimus
1363 2651 1401 2714 et
1425 2641 1695 2738 imperpetuum
1712 2639 1949 2714 defendemus

403 2767 595 2854 Quocirca
619 2765 762 2840 dilectis
787 2767 878 2840 meis
930 2826 938 2842 .
993 2827 1001 2844 .
1056 2826 1065 2842 .
1119 2767 1170 2841 Et
1187 2791 1312 2840 eorum
1332 2765 1483 2840 cuilibet
1508 2767 1729 2840 coniunctim
1746 2777 1784 2840 et
1801 2767 1949 2840 diuisim

402 2892 545 2966 balliuis
570 2892 661 2967 meis
686 2893 726 2965 in
743 2891 810 2967 hac
835 2903 940 2990 parte
965 2893 1170 2991 specialiter
1195 2891 1402 2966 constitutis
1428 2891 1583 2965 salutem
1599 2891 1713 2965 Vobis
1731 2903 1769 2967 et
1785 2903 1949 2966 vestrum

402 3018 551 3093 cuilibet
576 3019 799 3092 coniunctim
825 3030 863 3093 et
881 3019 1029 3093 diuisim
1054 3019 1179 3092 stricte
1205 3018 1366 3116 precipio
1387 3028 1424 3092 61
1441 3017 1595 3091 firmiter
1619 3018 1753 3092 mando
1770 3030 1950 3117 quatenus

402 3145 491 3217 visis
524 3144 755 3242 presentibus
797 3145 949 3218 indilate
992 3155 1131 3219 statum
1173 3155 1211 3218 61
1245 3145 1402 3218 sasinam
1444 3143 1700 3218 hereditariam
1741 3147 1877 3243 pariter
1913 3157 1951 3218 et

400 3272 664 3370 possessionem
705 3271 926 3368 corporalem
966 3271 1147 3345 actualem
1185 3280 1222 3344 61
1259 3270 1394 3344 realem
1437 3278 1599 3343 totarum
1644 3281 1683 3344 et
1724 3271 1950 3370 integrarum

401 3395 626 3494 prefatarum
651 3406 830 3470 terrarum
859 3396 905 3470 de
934 3396 1233 3496 Drwmgarloych
1263 3395 1540 3470 extendentium
1571 3396 1618 3470 ad
1648 3396 1772 3472 decem
1802 3398 1951 3471 libratas

403 3531 582 3595 terrarum
625 3522 768 3620 antiqui
811 3532 982 3596 extentus
1029 3549 1113 3596 cum
1157 3521 1366 3596 molendino
1409 3521 1455 3595 de
1497 3523 1797 3622 Drwmgarloych
1845 3525 1950 3597 terris

405 3646 676 3720 molendinariis
710 3657 748 3721 et
782 3649 941 3722 astrictis
983 3648 1152 3722 multuris
1187 3659 1269 3722 octo
1312 3658 1552 3722 mercatarum
1588 3659 1766 3722 terrarum
1808 3650 1952 3748 antiqui

405 3782 575 3847 extentus
610 3772 656 3846 de
698 3772 914 3872 Balcryistie
948 3800 1012 3848 sex
1045 3783 1285 3848 mercatarum
1319 3785 1498 3847 terrarum
1532 3774 1577 3848 de
1620 3774 1741 3848 Eister
1775 3774 1951 3872 Deneyne

406 3909 561 3997 quatuor
607 3908 847 3972 mercatarum
888 3910 1065 3974 terrarum
1107 3899 1153 3973 de
1199 3900 1472 3974 Mocbtramhill
1514 3900 1667 3974 duarum
1712 3911 1951 3974 mercatarum

405 4033 583 4096 terrarum
608 4023 654 4097 de
672 4023 967 4099 Oaiddwelstoun
985 4026 1226 4124 quadraginta
1243 4007 1676 4099 solidatarum'terrarum
1694 4025 1740 4099 de
1758 4025 1951 4125 Craigocht

407 4174 490 4221 cum
507 4148 716 4222 carbonario
733 4149 778 4224 (16
796 4151 977 4225 Zallowlie
995 4150 1119 4224 decem
1136 4150 1372 4224 solidatarum
1389 4162 1567 4226 terrarum
1584 4153 1630 4226 de
1653 4151 1952 4226 Maltmanisland

406 4273 540 4372 viginti
584 4274 820 4349 solidatorum
853 4287 1032 4351 terrarum
1066 4277 1112 4351 de
1147 4276 1394 4350 Carnestoune
1429 4303 1493 4351 sex
1527 4278 1764 4353 solidatarum
1798 4289 1836 4352 61
1870 4288 1951 4351 6616

407 4399 675 4473 denariatarum
716 4411 895 4476 terrarum
929 4403 975 4477 (16
1010 4402 1218 4477 Knokinnis
1252 4401 1378 4476 decem
1419 4403 1657 4477 solidatarum
1694 4414 1871 4476 terrarum
1906 4403 1952 4478 de

299 4577 303 4588 ·
408 4523 650 4599 Stradonocht
675 4525 855 4601 dictarum
880 4529 1121 4628 quadraginta
1146 4528 1383 4602 solidatarum
1409 4538 1586 4602 terrarum
1607 4529 1652 4603 (16
1679 4539 1760 4603 6616
1785 4531 1953 4604 mercatis

406 4660 583 4724 terrarum
623 4652 970 4728 chhtinmanocht
1009 4654 1295 4752 Balachervycbt
1339 4654 1556 4754 Slabreking
1599 4655 1803 4728 Litiltoune
1847 4655 1952 4728 Mak-

409 4775 697 4851 Gowneistowne
740 4788 777 4852 et
810 4780 1071 4880 Drwmgarlaw
1104 4805 1194 4878 quas
1232 4778 1343 4878 Hugo
1381 4781 1586 4878 Kennedye
1627 4791 1780 4877 occupat
1817 4781 1953 4880 viginti

407 4900 646 4975 solidatarum
692 4913 871 4978 terrarum
914 4906 959 4980 de
1002 4906 1249 4980 Carnestoune
1293 4930 1358 4978 sex
1399 4915 1641 4978 mercatarum
1687 4915 1865 4978 terrarum
1908 4906 1954 4979 de

409 5025 532 5101 Vestir
579 5027 756 5127 Deneyne
803 5040 960 5131 quatuor
1004 5041 1243 5105 mercatarum
1290 5040 1470 5104 terrarum
1517 5030 1562 5103 dc
1608 5030 1844 5104 M‘Nistoune
1891 5058 1954 5105 sex

409 5163 648 5227 mercaturum
689 5165 869 5230 terrarum
903 5157 948 5232 de
982 5157 1257 5230 chhtnachtis
1295 5168 1333 5230 61
1375 5156 1658 5231 Maxvelstoune
1697 5168 1955 5256 occupatarum

408 5304 473 5377 per
506 5279 647 5354 dictum
682 5281 866 5379 quondam
909 5282 1104 5382 Hugonem
1146 5283 1350 5382 Kennedye
1384 5283 1430 5357 de
1467 5283 1643 5381 Deneyne
1677 5285 1877 5359 molendini
1910 5286 1955 5360 de

412 5405 638 5506 Oorsraguell
664 5433 748 5481 cum
764 5408 870 5482 terris
895 5408 1166 5484 molendinariis
1192 5420 1229 5483 et
1253 5409 1411 5483 astrictis
1436 5410 1608 5483 multuris
1626 5409 1723 5484 dicto
1748 5410 1956 5486 molendino

408 5532 678 5629 pertinentibus
729 5534 1018 5610 Extendcntium
1034 5535 1074 5609 in
1086 5536 1229 5636 integro
1243 5535 1290 5609 ad
1307 5536 1496 5636 sexaginta
1511 5547 1687 5611 mercatas
1704 5563 1768 5611 sex
1785 5537 1955 5612 solidatas
